1894 3236
292 311 434 342 SERMO
471 309 649 349 CCCX1X‚
689 310 745 339 DE
781 308 1011 340 STEPHANO
1047 310 1269 344 MARTYRE.
1384 300 1472 362 149

96 376 289 440 pendens
307 415 317 435 ‚
347 399 368 419 ‹<
394 381 544 432 Pater,
582 374 753 438 inquit,
787 375 958 435 ignosce
992 374 1076 421 illis
1092 375 1143 421 1:
1171 398 1192 418 ›>
1223 378 1473 442 Stephanus

98 447 410 511 sublapidibus
423 463 533 506 genu
552 446 651 501 fixo,
681 467 700 486 «
723 446 924 502 Domine,
938 454 999 490 ne'
1013 457 1173 492 statuas
1188 447 1269 493 illis
1286 448 1372 495 hoc
1391 451 1472 496 de-

98 517 302 563 »lictum.
337 539 357 558 n
389 518 569 561 Secutus
603 526 665 560 est
706 516 884 575 vestigia
917 515 1100 578 pastoris
1134 517 1228 573 sui,
1266 527 1471 582 tanquam

94 587 210 633 bona
234 589 324 633 ovis
346 606 355 633 :
378 588 520 633 bonus
537 603 670 646 agnus
689 597 858 632 secutus
875 596 936 630 est
961 603 1139 645 agnum,
1161 590 1285 647 cujus
1300 590 1472 649 sanguis

94 657 195 702 tulit
219 668 446 722 peccatum
472 656 637 702 mundi.
663 655 867 718 Implevit
893 655 1012 718 quod
1045 656 1105 701 ait
1140 657 1358 720 apostolus
1382 659 1471 704 Pe-

94 737 184 772 trus
206 744 217 772 :
250 749 270 768 «
300 728 500 773 Christus
526 743 606 790 pro
628 726 754 771 nobis
776 743 924 789 passus
944 736 1006 771 est
1028 763 1038 782 ‚
1066 726 1312 790 relinquens
1344 729 1473 776 nobis

94 817 115 838 »
139 798 381 861 exemplum
396 836 406 853 ,
436 809 484 843 ut
502 813 733 860 sequamur
758 796 934 856 vestigia
958 800 1049 855 ejus
1065 797 1098 844 2.
1121 819 1140 838 »

157 867 208 914 V.
247 869 354 914 Vide
390 869 611 914 hominem
651 877 901 930 sequentem
943 867 1119 927 vestigia
1164 868 1338 914 Domini
1384 870 1466 916 sui.

92 938 293 983 Christus
324 940 369 984 in
401 955 528 985 cruce
549 976 560 995 ,
591 960 612 980 <c
636 941 763 983 Pater
782 975 792 994 ‚
831 938 873 982 in
906 955 1060 983 manus
1089 949 1183 983 tuas
1212 940 1472 986 commendo

92 1030 112 1049 »
133 1009 331 1071 spiritum
349 1027 491 1055 meum
516 1027 527 1054 z
554 1031 573 1050 υ
596 1008 842 1073 Stephanus
868 1008 949 1053 sub
964 1008 1211 1071 lapidibus,
1241 1031 1261 1050 «
1284 1010 1471 1056 Domine

91 1099 112 1120 »
133 1079 252 1135 Jesu,
273 1080 443 1143 suscipe
462 1079 662 1142 spiritum
677 1096 835 1125 meum.
863 1101 883 1121 ›>
907 1079 1164 1125 Christusin
1185 1097 1330 1137 cruce,
1354 1081 1470 1126 «Pa-

90 1170 111 1191 »
134 1160 214 1205 ter,
233 1151 403 1210 ignosce
416 1150 516 1205 illis,
545 1151 647 1213 quia
665 1150 862 1196 nesciunt
879 1149 987 1213 quid
1010 1149 1178 1196 faciunt
1197 1168 1207 1195 ε
1226 1173 1244 1192 »
1271 1151 1469 1215 Stepha-

90 1237 170 1266 nus
189 1221 270 1266 sub
283 1220 523 1285 lapidibus,
544 1221 764 1266 «Domine
788 1221 907 1277 Jesu,
928 1238 980 1265 ne
1001 1231 1163 1267 statuas
1177 1221 1260 1267 illis
1278 1221 1365 1268 hoc
1388 1222 1469 1268 de-

91 1312 111 1332 »
134 1290 301 1338 lictum.
329 1313 349 1333 »
376 1291 609 1348 Quomodo
644 1302 788 1355 posset
814 1291 890 1336 iste
921 1308 1008 1336 non
1039 1291 1101 1337 ibi
1129 1309 1214 1337 esse
1234 1329 1245 1348 ,
1276 1292 1354 1338 ubi
1379 1302 1467 1339 erat

89 1378 217 1426 quem
238 1373 408 1408 secutus
427 1372 505 1418 est,
530 1362 609 1408 ubi
629 1372 719 1408 erat
745 1379 875 1425 quem
901 1361 1092 1408 imitatus
1118 1361 1211 1407 est?

153 1433 228 1478 VI.
259 1431 588 1496 Triumphavit‚
615 1443 845 1478 coronatus
862 1442 936 1479 est.
963 1432 1114 1478 Latuit
1140 1443 1258 1479 tanto
1275 1442 1464 1497 tempore

88 1518 247 1565 corpus
269 1505 386 1561 ejus,
413 1501 621 1565 processit
651 1502 828 1565 quando
861 1502 974 1547 Deus
1010 1501 1174 1559 voluit,
1204 1501 1462 1550 illuminavit

89 1582 239 1628 terras,
263 1582 381 1617 tanta
401 1571 611 1617 miracula
633 1571 753 1627 fecit,
775 1582 971 1617 mortuus
988 1572 1108 1618 vivos
1126 1572 1232 1618 facit
1251 1584 1462 1630 mortuos,

87 1642 190 1705 quia
215 1658 294 1687 nec
319 1652 525 1688 mortuus,
564 1642 676 1702 Ergo
717 1641 803 1686 hoe
828 1642 1087 1688 commendo
1119 1642 1333 1688 Charitati
1357 1643 1461 1688 Ves-

87 1723 183 1768 trae,
203 1722 250 1757 ut
269 1711 412 1758 sciatis
443 1711 562 1776 quod
583 1713 794 1758 orationes
820 1717 910 1772 ejus
934 1712 1070 1758 multa
1092 1713 1328 1776 impetrant
1348 1751 1358 1768 ‚
1380 1732 1450 1759 1101

87 1793 230 1828 tamen
246 1783 404 1829 omnia.
424 1784 534 1828 Nam
551 1783 794 1828 invenimus
813 1784 938 1829 etiam
955 1784 1000 1828 in
1015 1782 1172 1828 libellis
1192 1784 1267 1847 qui
1285 1783 1447 1830 dantur

86 1854 211 1899 fuisse
251 1853 312 1898 illi
343 1853 618 1899 dillieultates
655 1852 945 1917 impetrandi,
991 1864 1032 1899 et
1071 1854 1284 1917 accepisse
1322 1865 1444 1900 tamel

85 1935 232 1987 postea
251 1924 530 1980 beneficium,
549 1941 635 1969 non
654 1924 879 1969 deficiente
898 1923 1107 1987 supplicis
1134 1924 1231 1970 fide.
1259 1925 1355 1970 Non
1375 1943 1453 1971 ces·

85 2006 223 2041 satum
250 2006 333 2042 est.
355 2006 523 2040 oratum
545 2006 628 2044 est.
649 2006 690 2040 et
715 1995 835 2040 dedit
864 2006 1006 2058 postea
1040 1995 1155 2040 Deus
1176 2012 1253 2058 per
1277 1996 1453 2058 Stepha·

87 2083 203 2111 num.
240 2066 344 2110 Sunt
366 2066 497 2110 verba
515 2066 675 2109 orantis
695 2065 926 2128 Stephani,
945 2076 983 2110 el
1011 2082 1260 2128 responsum
1287 2077 1346 2110 est
1368 2065 1454 2111 illi:

84 2136 169 2179 l'ro
193 2152 277 2197 qua
304 2153 398 2179 oras
422 2152 507 2180 non
528 2145 590 2179 est
607 2134 736 2193 digua
756 2172 765 2187 ,
806 2135 888 2180 hoc
907 2146 948 2179 et
972 2135 1057 2180 hoe
1091 2134 1205 2180 tivit.
1243 2136 1291 2179 lit
1320 2147 1442 2181 tamen

83 2204 256 2258 institit,
284 2206 466 2260 rogavit,
497 2205 678 2266 aceepit.
708 2205 837 2250 Dedit
856 2206 979 2250 nobis
1000 2205 1258 2263 intelligere,
1286 2206 1387 2269 quia
1414 2207 1440 2252 ii

83 2277 206 2332 cujus
242 2273 412 2318 nomine
437 2272 651 2328 faciebat,
673 2285 903 2337 antequam
929 2292 1102 2319 carnem
1131 2275 1365 2338 deptmervt
1383 2315 1393 2332 ‚
1416 2278 1441 2322 i1

83 2348 172 2402 ejus
205 2344 376 2388 nomine
410 2343 576 2389 furiunt
616 2345 829 2389 orationes
864 2349 956 2404 ejus
987 2355 1033 2390 ut
1063 2346 1272 2390 beneficia
1318 2348 1444 2411 impc-

84 2425 267 2467 tronum,
299 2414 458 2476 quibus·
486 2415 598 2459 noxit
626 2434 672 2460 ea
697 2415 789 2460 (luri
817 2415 986 2462 debere.

148 2485 244 2530 Vll.
271 2484 496 2529 meantem
519 2495 996 2548 tunquamservusorat.
1021 2486 1429 2548 Apocabatui·Ange

83 2554 147 2600 lus
161 2555 338 2618 quidam
355 2555 646 2601 ‹eanoa1m‹·.
672 2555 1045 2614 Angelitalessunt
1064 2555 1436 2619 :tplulDt·u¹11,11tt

131 2645 230 2679 ¹Luc.
259 2657 350 2684 xxiii,
379 2649 426 2682 is..
448 2662 491 2669 —
511 2646 525 2667 '²
549 2657 557 2676 1
584 2648 666 2677 Pctr.
691 2658 725 2684 u,
748 2658 803 2679 αι.
