1942 3272
435 359 527 405 506
857 380 891 411 s.
935 381 1179 413 AUGUs‘rlNI
1215 366 1418 415 Ep1scoi³1

431 440 614 487 occultis
630 453 798 491 naturae
818 446 935 491 venis
945 446 1106 507 jugiter
1125 459 1286 495 manat.
1310 449 1373 494 De
1393 449 1473 495 isto
1493 449 1627 496 fluvio
1651 449 1812 513 rapido

433 527 482 555 ac
503 512 755 561 turbulento
775 515 926 562 bibere
951 517 1153 577 dignatus
1176 529 1237 564 est
1266 519 1480 566 Christus.
1507 519 1638 565 Modo
1665 519 1815 565 audis-

432 580 486 626 tis
506 581 550 627 in
572 583 744 631 Psalmo
766 604 776 631 ε
799 608 818 628 α
840 588 903 633 De
930 599 1118 634 torrente
1140 588 1185 634 in
1210 589 1277 636 via
1294 589 1456 637 hibit1.
1482 611 1502 631 »
1532 590 1716 635 Torrens
1737 589 1815 635 iste

433 652 638 714 produxit
659 672 736 700 nos
753 656 807 702 ad
831 658 1120 715 nativitatem,
1151 658 1352 722 perduxit
1377 658 1431 704 acl
1450 670 1647 706 mortem.
1681 660 1815 716 Quasi

432 738 478 766 ex
520 724 691 770 occulto
730 725 861 773 fontis
877 766 888 783 ‚
942 729 1144 792 abyssum
1190 729 1319 774 maris
1363 729 1552 793 suscepit
1591 729 1808 776 Christus.

434 792 678 858 Utrumque
702 815 783 861 pro
813 800 938 845 nobis
955 838 964 856 ,
1001 811 1042 845 ct
1069 811 1195 846 natus
1220 811 1262 846 et
1286 811 1484 846 mortuus
1510 811 1585 847 est.
1635 804 1687 845 tit
1711 800 1816 864 quia

430 862 628 911 homines
652 867 697 912 in
722 869 864 915 medio
896 871 1028 931 liujus
1051 871 1241 917 fluminis
1265 871 1489 917 constituti
1511 909 1521 928 ‚
1554 870 1815 935 plerumque

431 930 718 1007 delectantur,
758 940 911 986 mundi
932 941 1244 987 blandimentis
1263 952 1305 986 et
1326 941 1561 996 illecebris,
1589 958 1691 1004 quae
1712 940 1818 987 limo

430 1004 563 1064 hujus
583 1010 781 1055 torrentis
806 1011 1092 1058 involvuntur
1110 1050 1121 1068 ,
1143 1023 1273 1076 atque
1300 1012 1344 1057 in
1370 1010 1641 1075 profundum
1663 1011 1820 1057 inferni

431 1074 687 1138 demergunt
719 1098 813 1138 eos,
850 1083 925 1145 qui
955 1082 1061 1128 dum
1094 1093 1356 1128 transeuntes
1382 1082 1519 1128 undas
1552 1082 1676 1128 avide
1698 1082 1815 1127 hau-

431 1146 567 1205 riunt,
595 1150 654 1195 sic
685 1163 920 1211 necantur,
949 1165 1061 1199 stare
1082 1154 1306 1218 cupientes
1330 1154 1374 1199 in
1396 1164 1581 1199 torrente
1605 1152 1819 1217 praecipi-

434 1229 568 1275 tante,
614 1232 656 1266 et
695 1223 740 1268 in
780 1225 1039 1288 republica2
1086 1236 1328 1288 quaerentes
1367 1225 1445 1270 fixa
1487 1224 1663 1283 vestigia
1687 1242 1697 1269 :
1722 1223 1818 1269 ideo

433 1289 645 1337 Dominus
663 1311 672 1337 ε
688 1315 706 1334 α
720 1294 783 1339 De
802 1305 989 1341 torrente
1008 1295 1053 1340 in
1073 1296 1143 1342 via
1160 1295 1290 1342 bibit.
1320 1315 1344 1339 »
1368 1293 1489 1352 Quid
1512 1305 1574 1340 est
1596 1311 1606 1339 ε
1632 1314 1652 1335 α
1674 1294 1727 1339 In
1749 1293 1821 1339 via

433 1379 453 1400 »
476 1359 624 1407 bibit?
645 1384 665 1404 >2
689 1365 724 1407 T
730 1364 1060 1411 ransicnsbibit.
1090 1365 1211 1410 Bibit
1234 1365 1349 1410 enim
1373 1375 1415 1410 et
1428 1364 1616 1420 transiit,
1638 1381 1726 1409 non
1746 1380 1818 1408 rc-

433 1431 592 1476 mansit
614 1450 622 1476 :
651 1450 730 1478 nec
755 1435 873 1480 stetit
895 1435 940 1480 in
963 1435 1032 1481 via
1055 1445 1351 1498 peccatorum.
1391 1435 1499 1479 ltem
1521 1444 1705 1479 mortem
1724 1450 1819 1478 me-

437 1507 564 1544 tuunt
583 1501 780 1548 homines
807 1522 817 1548 :
845 1504 947 1567 quia
966 1522 1133 1550 necesse
1158 1515 1220 1549 est
1250 1503 1521 1568 praecipitari
1550 1520 1696 1548 omnes
1728 1503 1819 1548 hu—

433 1572 502 1628 jus
540 1573 738 1618 torrentis
776 1574 969 1638 impulsu
1003 1592 1013 1619 :
1045 1574 1245 1620 Christus
1281 1584 1423 1619 autem
1459 1584 1643 1619 mortem
1687 1590 1821 1637 quam

430 1653 582 1703 sponte
608 1651 869 1708 susceperat,
904 1645 1051 1690 timere
1074 1662 1161 1690 non
1190 1645 1363 1709 potuit3
1400 1643 1498 1690 idco
1536 1643 1702 1690 dictum
1724 1653 1817 1688 cst:

434 1713 529 1756 «Et
553 1714 762 1760 exultavit
803 1726 851 1761 ut
871 1716 987 1775 gigas
1029 1715 1083 1761 ad
1104 1715 1362 1760 currendam
1388 1714 1518 1760 viam.
1542 1736 1561 1755 ))
1590 1713 1822 1759 Descen'dit

439 1783 550 1828 enim
574 1821 584 1839 ,
621 1796 663 1830 et
692 1787 889 1832 cucurrit
913 1805 922 1831 :
952 1786 1169 1843 ascendit,
1197 1797 1239 1831 ct
1262 1786 1385 1832 sedit.
1422 1785 1590 1839 Nostis,
1631 1784 1735 1847 quia
1759 1783 1819 1829 sic

435 1855 631 1900 confiteri
661 1857 803 1902 soletis
839 1875 848 1902 :
880 1858 1119 1921 Postquam
1140 1857 1388 1913 resurrexit,
1432 1855 1625 1901 ascendit
1647 1855 1693 1899 in
1729 1870 1818 1900 coe-

434 1923 543 1981 lum,
573 1927 690 1972 sedet
722 1928 776 1973 ad
798 1928 1013 1974 dexteram
1032 1929 1216 1975 Patris?
1241 1929 1373 1974 Hunc
1394 1927 1530 1972 nostri
1550 1925 1736 1986 gigantis
1755 1941 1822 1969 ex-

436 2011 609 2041 cursum
629 1998 880 2043 brevissime
898 2016 946 2044 ac
970 1999 1265 2062 pulcherrime
1284 1998 1442 2043 cecinit
1455 1998 1608 2042 beatus
1629 1995 1821 2041 Ambro-

438 2064 523 2109 sius
544 2066 586 2110 in
610 2067 794 2130 hymno„
810 2085 941 2131 quem
967 2069 1097 2131 paulo
1119 2080 1217 2113 ante
1234 2069 1452 2113 cantastis.
1482 2068 1684 2129 Loquens
1708 2065 1821 2111 enim

438 2135 491 2180 de
518 2138 703 2184 Domino
731 2139 926 2194 (Iliristo,
958 2139 1017 2184 sic
1046 2139 1103 2184 ait
1128 2157 1138 2183 ε
1164 2161 1183 2179 ‹<
1208 2140 1409 2198 Egressus
1430 2141 1519 2197 ers
1539 2155 1560 2182 a
1582 2140 1705 2182 Patre
1725 2173 1735 2192 ,
1756 2153 1822 2180 re-

439 2228 458 2247 »
481 2225 644 2267 gressus
665 2214 754 2269 ejus
778 2209 832 2255 ad
854 2211 1026 2255 Patrem
1051 2228 1061 2254 t
1090 2227 1290 2255 excursus
1310 2226 1443 2271 usque
1471 2208 1524 2252 ad
1549 2207 1723 2263 inferos,
1759 2223 1823 2251 re-

435 2297 456 2317 »
482 2280 695 2326 cursusad
715 2281 857 2326 sedem
878 2279 992 2327 Dei&
1015 2301 1034 2321 >>
1052 2281 1157 2326 Haec
1178 2283 1339 2335 omnia,
1363 2278 1627 2333 charissimi,
1654 2278 1688 2323 si
1709 2293 1824 2341 quae-

437 2365 583 2395 ramus
608 2366 686 2396 cur
710 2350 825 2395 factu
850 2361 966 2405 sunt,
997 2350 1265 2395 inveniemus
1285 2349 1399 2395 facta
1433 2366 1513 2412 pro
1544 2348 1682 2394 nobis.
1710 2348 1822 2392 Des-

437 2420 583 2465 cendit
610 2420 742 2476 enim,
770 2431 818 2465 ut
839 2420 1192 2474 asccntleremus3
1228 2430 1424 2465 mortuus
1463 2430 1543 2476 est,
1582 2430 1631 2464 ut
1659 2418 1822 2464 vivere-

439 2508 559 2545 mus;
585 2492 829 2547 resurrexit,
853 2502 899 2537 ut
923 2509 1262 2552 resurgeremus3
1291 2490 1484 2536 ascendit
1499 2490 1545 2535 in
1566 2489 1745 2544 coelum,
1771 2498 1820 2533 ut

439 2575 605 2608 terrena
640 2572 937 2618 contemnere,
970 2573 1012 2607 et
1038 2579 1113 2607 cor
1138 2578 1306 2607 sursum
1342 2561 1501 2620 erigere
1540 2559 1813 2604 disceremus,

487 2664 496 2684 ¹
515 2663 593 2694 psal.
614 2674 680 2704 mx,
708 2676 737 2702 7.
767 2682 803 2685 —-
830 2662 845 2683 2
875 2665 968 2693 Forte
993 2673 1026 2693 re
1051 2661 1153 2693 labili.
1177 2678 1221 2684 -
1240 2658 1303 2692 3111
1322 2660 1487 2703 Symbolo-
1508 2679 1546 2684 --
1571 2656 1584 2681 ⁴
1602 2661 1646 2691 Ex
1662 2655 1821 2691 Ambrosii

441 2718 558 2761 hymno
579 2717 676 2749 verba
693 2716 870 2760 desumpta.
