1863 3246
242 256 385 290 SERMO
422 258 655 300 CCCLXXIV,
692 258 747 289 DE
783 258 1030 303 ΕΡῙΡῌΑΝΙΛ
1068 263 1244 295 DOMINI.
1355 251 1439 312 511

71 325 265 372 Verbum
291 325 384 371 Dei.
427 324 571 380 Quare
604 327 847 370 venerunt?
879 324 994 381 Quia
1015 327 1177 373 stellam
1202 330 1450 378 inusitatam

71 395 288 441 viderunt.
322 395 377 438 Et
402 393 516 439 unde
541 411 634 439 eam
658 394 821 439 Christi
843 412 929 440 esse
951 404 1276 456 cognoverunt?
1294 402 1450 449 Videre

72 466 186 512 enim
206 475 444 529 potuerunt
464 464 652 518 stellam3
682 465 897 528 numquid
923 465 1042 529 loqui
1066 469 1123 514 eis
1145 472 1290 533 potuit
1317 484 1360 517 et
1376 473 1448 519 di-

73 553 196 582 cere:
218 535 350 582 Stella
375 534 540 580 Christi
564 538 688 580 sum?
723 535 886 581 Procul
910 535 1046 582 dubio
1062 538 1183 585 aliter
1202 541 1448 588 indicatum

72 612 136 652 est
151 623 231 671 per
251 605 442 670 aliquam
466 604 782 652 revelationem.
815 607 979 652 Tamen
999 607 1200 655 inusitate
1221 629 1289 657 rex
1324 624 1450 660 natus

73 674 182 733 erat,
205 676 282 740 qui
304 686 345 721 et
367 675 422 720 ab
444 674 593 721 alicnis
619 675 864 721 adorandus
888 688 991 724 erat.
1018 679 1242 744 Numquid
1271 699 1356 728 non
1378 701 1449 729 re-

74 765 144 808 ges
171 758 268 793 ante
287 747 332 792 in
361 745 517 791 Judaea
547 757 667 791 erant
687 747 794 803 nati,
823 758 898 792 aut
922 766 999 811 per
1027 750 1263 798 universam
1296 765 1451 801 terram

73 819 119 864 in
138 817 316 864 diversis
338 816 567 876 gentibus?
595 817 741 872 Quare
768 817 847 862 iste
869 817 1130 876 adorandus,
1157 833 1198 867 et
1226 823 1281 868 ab
1298 824 1451 871 alieni-

79 888 195 949 genis
227 887 490 942 adorandus,
533 904 619 933 non
644 898 827 933 terrente
852 890 1055 947 exercitu,
1084 892 1157 937 sed
1190 894 1235 938 in
1268 913 1453 959 pauper-

75 969 163 1005 tate
182 958 338 1014 carnis,
360 957 517 1003 latente
540 961 760 1016 majestate
782 958 986 1004 virtutis?
1015 961 1203 1017 Quando
1226 975 1351 1009 natus
1371 977 1449 1020 est,

82 1027 286 1074 adoratus
314 1038 377 1073 est
412 1047 435 1073 a
462 1027 710 1091 pastoribus
740 1028 961 1084 Israelitis,
998 1030 1158 1093 quihus
1181 1051 1277 1078 eum
1307 1035 1454 1094 Aug-cli

76 1098 386 1144 nuntiaverunt
410 1115 420 1142 :
451 1097 521 1142 sed
550 1097 667 1157 Magi
698 1115 784 1143 non
812 1108 933 1143 erant
956 1098 1008 1144 de
1035 1112 1158 1160 gente
1184 1104 1327 1150 lsrael.
1363 1108 1454 1150 (Io-

77 1168 226 1214 lebant
247 1168 455 1214 Gentium
479 1167 580 1213 deos
597 1205 607 1223 ‚
629 1167 716 1213 hoc
740 1179 819 1225 est,
841 1168 1084 1225 daemonia3
1106 1189 1292 1236 quorum
1313 1173 1455 1221 sallaei

79 1239 414 1302 decipiebantur
433 1239 640 1302 potentia.
670 1238 883 1284 Viderunt
905 1258 1002 1300 ergo
1028 1244 1260 1305 quamdam
1290 1246 1454 1291 stellam

80 1309 330 1355 inusitatam
354 1346 364 1365 ‚
397 1309 539 1354 mirati
571 1320 671 1354 sunt
703 1326 713 1353 :
749 1309 1014 1371 qua-*sierunt
1043 1313 1131 1357 sine
1165 1313 1301 1359 dubio
1333 1320 1457 1375 eujus

80 1389 186 1425 esset
213 1379 400 1439 signum,
435 1379 552 1442 quod
589 1390 674 1424 tam
710 1396 870 1425 novum
906 1381 1211 1446 insolitumque
1237 1385 1452 1434 viderunt.

82 1451 139 1496 Et
162 1449 313 1512 utique
336 1450 565 1494 audierunt
585 1486 598 1506 ,
626 1449 821 1512 profecto
846 1450 901 1495 al)
928 1452 1116 1510 Angelis,
1136 1454 1191 1498 ab
1215 1454 1355 1517 aliqua
1385 1457 1460 1502 ad-

82 1519 320 1566 monitione
346 1519 629 1564 revelationis.
671 1519 842 1574 Quaeris
870 1520 1075 1573 fortassis,
1101 1522 1156 1566 ab
1186 1525 1352 1583 Angelis
1375 1526 1458 1571 bo-

83 1590 168 1646 nis,
194 1607 248 1635 an
272 1589 426 1634 malis')
457 1588 680 1633 Christum
705 1588 881 1651 quiden]
909 1600 949 1633 et
973 1591 1109 1649 angeli
1136 1592 1252 1641 mali.
1288 1594 1371 1639 hoe
1399 1608 1459 1641 est

85 1658 320 1714 daemones,
354 1658 510 1703 Filium
531 1658 607 1702 Dei
635 1675 720 1702 esse
752 1657 930 1703 confessi
955 1672 1067 1707 suut.
1097 1661 1179 1707 Sed
1210 1680 1287 1708 eur
1317 1683 1401 1711 non
1420 1678 1460 1712 et

69 1745 110 1775 'a
144 1728 272 1775 bonis
311 1727 565 1783 audierunt,
596 1726 772 1790 quando
811 1727 856 1771 in
891 1728 1066 1774 Christo
1103 1731 1323 1779 adorando
1349 1736 1460 1782 salus

86 1815 232 1845 eorum
246 1802 339 1858 jam
365 1797 659 1862 quaerebatur‚
687 1814 774 1843 non
792 1798 997 1861 iniquitas
1016 1799 1354 1851 doninialmtur‘)
1371 1807 1461 1852 Po-

88 1880 266 1915 tuerunt
305 1886 404 1929 ergo
435 1869 518 1914 illis
548 1867 691 1913 dicere
726 1868 901 1928 Angeli:
927 1869 1075 1925 Stella,
1109 1888 1238 1934 <lilani
1276 1875 1459 1926 vidistis.

90 1938 255 1985 Christi
274 1950 354 1994 est,
380 1939 436 1984 ite
455 1950 496 1984 et
524 1938 698 1984 adorate
720 1956 817 1983 cum
839 1939 913 1984 ubi
941 1951 1159 1997 natusest,
1186 1953 1225 1987 et
1245 1944 1371 1990 simul
1391 1947 1462 1992 in-

90 2009 231 2055 dicato
255 2008 394 2073 qualis
413 2020 454 2054 et
478 2019 666 2071 quantus
696 2018 832 2054 nutu&
864 2008 930 2053 llli
949 2021 1090 2056 autent
1111 2011 1194 2056 lior
1216 2013 1364 2060 audito
1386 2033 1464 2061 ve-

90 2090 267 2135 nerunt,
291 2090 330 2124 et
348 2078 648 2124 adoraverunt.
683 2079 864 2128 Aurum,
893 2079 991 2124 thus
1017 2091 1058 2124 et
1085 2082 1305 2144 infrrlnnn
1329 2086 1464 2133 obtu-

89 2149 255 2202 lerunt,
309 2149 547 2195 secundum
585 2148 941 2194 consuetudinem
979 2167 1114 2197 suun.
1178 2152 1297 2199 'satia
1351 2158 1462 2203 enini

96 2219 292 2266 solebant
309 2220 459 2266 offerre,
477 2219 559 2265 diis
582 2219 681 2265 suis.

162 2291 222 2338 ll.
265 2290 424 2347 Quood
444 2308 543 2336 sane
564 2300 793 2354 antequam
815 2290 999 2336 facerent
1014 2330 1024 2347 ‚
1046 2303 1275 2357 antequam
1303 2314 1398 2343 euni
1427 2300 1466 2345 in

97 2361 271 2407 civitate
289 2360 363 2405 ubi
381 2370 504 2406 natus
522 2360 661 2405 suerat
679 2360 915 2406 invenirent
934 2400 943 2413 ,
968 2374 1175 2408 venerunt
1199 2380 1465 2427 ‹lm-erentes:

98 2431 225 2477 «Ubi
247 2441 374 2477 natus
393 2441 455 2476 est
478 2448 544 2476 rex
571 2428 884 2476 .lndaeornni¹':‘
907 2456 925 2471 »
949 2433 1099 2477 Nonne
1122 2438 1465 2496 1)‹›l‹·t·;tntt·li;tnt

98 2502 184 2550 lioc
208 2501 465 2548 revelatione
485 2519 766 2561 cognoscere,
794 2501 904 2548 sieut
928 2514 1212 2564 cognoverant
1243 2504 1355 2553 illuni
1375 2510 1470 2556 stel-

149 2591 159 2614 ¹
180 2589 297 2623 Manli.
314 2602 350 2629 11,
365 2602 397 2631 9.
