<?xml version="1.0" encoding="UTF-8"?>
<!DOCTYPE html PUBLIC "-//W3C//DTD XHTML 1.0 Transitional//EN"
    "http://www.w3.org/TR/xhtml1/DTD/xhtml1-transitional.dtd">
<html xmlns="http://www.w3.org/1999/xhtml" xml:lang="en" lang="en">
 <head>
  <title>
</title>
<meta http-equiv="Content-Type" content="text/html;charset=utf-8" />
  <meta name='ocr-system' content='tesseract 3.04.00' />
  <meta name='ocr-capabilities' content='ocr_page ocr_carea ocr_par ocr_line ocrx_word'/>
</head>
<body>
  <div class='ocr_page' id='page_1' title='image "./operaomniaaccura21auguuoft_0323.png"; bbox 0 0 1863 3246; ppageno 0'>
   <div class='ocr_carea' id='block_1_1' title="bbox 0 1200 80 3246">
    <p class='ocr_par' dir='ltr' id='par_1_1' title="bbox 0 1200 80 3246">
     <span class='ocr_line' id='line_1_1' title="bbox 0 1200 80 3246; baseline 0 0"><span class='ocrx_word' id='word_1_1' title='bbox 0 1200 80 3246; x_wconf 95' lang='lat' dir='ltr'> </span> 
     </span>
    </p>
   </div>
   <div class='ocr_carea' id='block_1_2' title="bbox 345 345 1434 411">
    <p class='ocr_par' dir='ltr' id='par_1_2' title="bbox 345 345 1434 411">
     <span class='ocr_line' id='line_1_2' title="bbox 345 345 1434 411; baseline 0.003 -22"><span class='ocrx_word' id='word_1_2' title='bbox 345 356 488 389; x_wconf 67' lang='lat' dir='ltr'>smum</span> <span class='ocrx_word' id='word_1_3' title='bbox 525 355 666 399; x_wconf 78' lang='lat' dir='ltr'>eccm,</span> <span class='ocrx_word' id='word_1_4' title='bbox 705 357 760 388; x_wconf 66' lang='lat' dir='ltr'>nr:</span> <span class='ocrx_word' id='word_1_5' title='bbox 796 353 1097 390; x_wconf 69' lang='grc' dir='ltr'><strong>ΡοΕΝ-ῙΤἙΝΤῙΑ.</strong></span> <span class='ocrx_word' id='word_1_6' title='bbox 1333 345 1434 411; x_wconf 85' lang='lat'>307¹</span> 
     </span>
    </p>
   </div>
   <div class='ocr_carea' id='block_1_3' title="bbox 57 424 1447 1339">
    <p class='ocr_par' dir='ltr' id='par_1_3' title="bbox 57 424 1447 1339">
     <span class='ocr_line' id='line_1_3' title="bbox 57 424 1430 490; baseline 0.004 -22"><span class='ocrx_word' id='word_1_7' title='bbox 57 445 78 468; x_wconf 79' lang='lat' dir='ltr'>c&lt;</span> <span class='ocrx_word' id='word_1_8' title='bbox 105 425 217 473; x_wconf 85' lang='lat' dir='ltr'>Caro</span> <span class='ocrx_word' id='word_1_9' title='bbox 239 433 282 471; x_wconf 90' lang='lat' dir='ltr'>et</span> <span class='ocrx_word' id='word_1_10' title='bbox 303 424 474 484; x_wconf 82' lang='lat' dir='ltr'>sanguis</span> <span class='ocrx_word' id='word_1_11' title='bbox 516 439 695 483; x_wconf 83' lang='lat' dir='ltr'>regnum</span> <span class='ocrx_word' id='word_1_12' title='bbox 733 424 812 469; x_wconf 85' lang='lat' dir='ltr'>Dei</span> <span class='ocrx_word' id='word_1_13' title='bbox 847 441 935 470; x_wconf 88' lang='lat' dir='ltr'>non</span> <span class='ocrx_word' id='word_1_14' title='bbox 975 424 1264 488; x_wconf 83' lang='lat' dir='ltr'>possidebunt</span> <span class='ocrx_word' id='word_1_15' title='bbox 1291 445 1301 472; x_wconf 93' lang='lat'>:</span> <span class='ocrx_word' id='word_1_16' title='bbox 1325 428 1430 490; x_wconf 88' lang='lat' dir='ltr'>quia</span> 
     </span>
     <span class='ocr_line' id='line_1_4' title="bbox 57 493 1428 559; baseline 0.004 -21"><span class='ocrx_word' id='word_1_17' title='bbox 57 517 79 539; x_wconf 83' lang='lat'>›&gt;</span> <span class='ocrx_word' id='word_1_18' title='bbox 104 493 386 559; x_wconf 82' lang='lat' dir='ltr'>corruptibile</span> <span class='ocrx_word' id='word_1_19' title='bbox 406 493 492 539; x_wconf 82' lang='lat' dir='ltr'>hoc</span> <span class='ocrx_word' id='word_1_20' title='bbox 508 493 660 538; x_wconf 81' lang='lat' dir='ltr'>induet</span> <span class='ocrx_word' id='word_1_21' title='bbox 677 493 1065 558; x_wconf 81' lang='lat' dir='ltr'>incorruptionem,</span> <span class='ocrx_word' id='word_1_22' title='bbox 1085 507 1127 541; x_wconf 89' lang='lat' dir='ltr'>et</span> <span class='ocrx_word' id='word_1_23' title='bbox 1145 497 1325 543; x_wconf 82' lang='lat' dir='ltr'>mortale</span> <span class='ocrx_word' id='word_1_24' title='bbox 1340 498 1428 544; x_wconf 88' lang='lat' dir='ltr'>hoc</span> 
     </span>
     <span class='ocr_line' id='line_1_5' title="bbox 59 563 1424 629; baseline 0.004 -19"><span class='ocrx_word' id='word_1_25' title='bbox 59 589 80 610; x_wconf 80' lang='lat'>»</span> <span class='ocrx_word' id='word_1_26' title='bbox 104 567 253 613; x_wconf 83' lang='lat' dir='ltr'>induet</span> <span class='ocrx_word' id='word_1_27' title='bbox 273 563 641 612; x_wconf 85' lang='lat' dir='ltr'>immortalitatem</span> <span class='ocrx_word' id='word_1_28' title='bbox 662 563 680 593; x_wconf 73' lang='lat'><strong>1</strong></span> <span class='ocrx_word' id='word_1_29' title='bbox 705 584 716 618; x_wconf 92' lang='lat'>;</span> <span class='ocrx_word' id='word_1_30' title='bbox 738 586 758 606; x_wconf 83' lang='lat'>›&gt;</span> <span class='ocrx_word' id='word_1_31' title='bbox 781 576 829 611; x_wconf 91' lang='lat' dir='ltr'>ut</span> <span class='ocrx_word' id='word_1_32' title='bbox 836 569 928 625; x_wconf 80' lang='lat' dir='ltr'>jam</span> <span class='ocrx_word' id='word_1_33' title='bbox 949 582 1037 611; x_wconf 90' lang='lat' dir='ltr'>non</span> <span class='ocrx_word' id='word_1_34' title='bbox 1057 583 1157 612; x_wconf 83' lang='lat' dir='ltr'>caro</span> <span class='ocrx_word' id='word_1_35' title='bbox 1177 578 1219 613; x_wconf 89' lang='lat' dir='ltr'>et</span> <span class='ocrx_word' id='word_1_36' title='bbox 1235 570 1424 629; x_wconf 86' lang='lat' dir='ltr'>sanguis,</span> 
     </span>
     <span class='ocr_line' id='line_1_6' title="bbox 60 635 1429 700; baseline 0.001 -16"><span class='ocrx_word' id='word_1_37' title='bbox 60 638 133 684; x_wconf 87' lang='lat' dir='ltr'>sed</span> <span class='ocrx_word' id='word_1_38' title='bbox 156 655 203 684; x_wconf 86' lang='lat' dir='ltr'>ex</span> <span class='ocrx_word' id='word_1_39' title='bbox 226 635 399 683; x_wconf 84' lang='lat' dir='ltr'>animali</span> <span class='ocrx_word' id='word_1_40' title='bbox 422 653 602 699; x_wconf 89' lang='lat' dir='ltr'>corpore</span> <span class='ocrx_word' id='word_1_41' title='bbox 629 636 834 699; x_wconf 85' lang='lat' dir='ltr'>spiritalis</span> <span class='ocrx_word' id='word_1_42' title='bbox 860 636 1053 700; x_wconf 87' lang='lat' dir='ltr'>corporis</span> <span class='ocrx_word' id='word_1_43' title='bbox 1072 636 1276 685; x_wconf 85' lang='lat' dir='ltr'>habitum</span> <span class='ocrx_word' id='word_1_44' title='bbox 1296 652 1429 686; x_wconf 83' lang='lat' dir='ltr'>natu—</span> 
     </span>
     <span class='ocr_line' id='line_1_7' title="bbox 59 705 1433 774; baseline 0.001 -19"><span class='ocrx_word' id='word_1_45' title='bbox 59 724 239 774; x_wconf 77' lang='lat' dir='ltr'>ramque</span> <span class='ocrx_word' id='word_1_46' title='bbox 255 716 480 752; x_wconf 85' lang='lat' dir='ltr'>mereatur.</span> <span class='ocrx_word' id='word_1_47' title='bbox 505 705 582 751; x_wconf 67' lang='lat' dir='ltr'>Vel</span> <span class='ocrx_word' id='word_1_48' title='bbox 604 705 676 751; x_wconf 81' lang='lat' dir='ltr'>illa</span> <span class='ocrx_word' id='word_1_49' title='bbox 697 723 766 752; x_wconf 88' lang='lat' dir='ltr'>eos</span> <span class='ocrx_word' id='word_1_50' title='bbox 786 717 940 752; x_wconf 87' lang='lat' dir='ltr'>terreat</span> <span class='ocrx_word' id='word_1_51' title='bbox 961 705 1112 753; x_wconf 87' lang='lat' dir='ltr'>ultima</span> <span class='ocrx_word' id='word_1_52' title='bbox 1128 710 1336 756; x_wconf 81' lang='lat' dir='ltr'>sententia</span> <span class='ocrx_word' id='word_1_53' title='bbox 1353 714 1433 770; x_wconf 82' lang='lat' dir='ltr'>J&#39;u-</span> 
     </span>
     <span class='ocr_line' id='line_1_8' title="bbox 62 776 1434 840; baseline 0.001 -16"><span class='ocrx_word' id='word_1_54' title='bbox 62 777 170 824; x_wconf 87' lang='lat' dir='ltr'>dieis</span> <span class='ocrx_word' id='word_1_55' title='bbox 190 776 346 833; x_wconf 87' lang='lat' dir='ltr'>nostri,</span> <span class='ocrx_word' id='word_1_56' title='bbox 373 793 503 840; x_wconf 82' lang='lat' dir='ltr'>quam</span> <span class='ocrx_word' id='word_1_57' title='bbox 534 786 764 840; x_wconf 80' lang='lat' dir='ltr'>propterea</span> <span class='ocrx_word' id='word_1_58' title='bbox 795 793 913 833; x_wconf 86' lang='lat' dir='ltr'>nunc</span> <span class='ocrx_word' id='word_1_59' title='bbox 937 777 1093 840; x_wconf 83' lang='lat' dir='ltr'>aperiri</span> <span class='ocrx_word' id='word_1_60' title='bbox 1116 778 1278 836; x_wconf 73' lang='lat' dir='ltr'>voluit,</span> <span class='ocrx_word' id='word_1_61' title='bbox 1310 792 1358 826; x_wconf 88' lang='lat' dir='ltr'>ut</span> <span class='ocrx_word' id='word_1_62' title='bbox 1377 781 1434 826; x_wconf 83' lang='lat' dir='ltr'>ab</span> 
     </span>
     <span class='ocr_line' id='line_1_9' title="bbox 63 847 1435 911; baseline 0.002 -17"><span class='ocrx_word' id='word_1_63' title='bbox 63 851 154 907; x_wconf 68' lang='lat' dir='ltr'>cJus</span> <span class='ocrx_word' id='word_1_64' title='bbox 173 847 375 894; x_wconf 85' lang='lat' dir='ltr'>fidelibus</span> <span class='ocrx_word' id='word_1_65' title='bbox 397 857 696 910; x_wconf 64' lang='lat' dir='ltr'>praecaveatur</span> <span class='ocrx_word' id='word_1_66' title='bbox 722 864 733 892; x_wconf 74' lang='lat' dir='ltr'>z</span> <span class='ocrx_word' id='word_1_67' title='bbox 763 869 782 888; x_wconf 90' lang='lat'>«</span> <span class='ocrx_word' id='word_1_68' title='bbox 804 848 922 893; x_wconf 90' lang='lat' dir='ltr'>Dans</span> <span class='ocrx_word' id='word_1_69' title='bbox 935 849 1227 895; x_wconf 83' lang='lat' dir='ltr'>metuentibus</span> <span class='ocrx_word' id='word_1_70' title='bbox 1245 868 1286 896; x_wconf 91' lang='lat' dir='ltr'>se</span> <span class='ocrx_word' id='word_1_71' title='bbox 1298 851 1435 911; x_wconf 88' lang='lat' dir='ltr'>signi-</span> 
     </span>
     <span class='ocr_line' id='line_1_10' title="bbox 66 916 1436 984; baseline 0.005 -24"><span class='ocrx_word' id='word_1_72' title='bbox 66 939 87 960; x_wconf 79' lang='lat'>»</span> <span class='ocrx_word' id='word_1_73' title='bbox 110 917 379 973; x_wconf 82' lang='lat' dir='ltr'>ficationem,</span> <span class='ocrx_word' id='word_1_74' title='bbox 408 927 456 962; x_wconf 93' lang='lat' dir='ltr'>ut</span> <span class='ocrx_word' id='word_1_75' title='bbox 481 916 650 976; x_wconf 81' lang='lat' dir='ltr'>fugiant</span> <span class='ocrx_word' id='word_1_76' title='bbox 673 935 696 962; x_wconf 84' lang='lat' dir='ltr'>a</span> <span class='ocrx_word' id='word_1_77' title='bbox 720 916 828 963; x_wconf 88' lang='lat' dir='ltr'>facie</span> <span class='ocrx_word' id='word_1_78' title='bbox 853 934 976 963; x_wconf 86' lang='lat' dir='ltr'>arcus</span> <span class='ocrx_word' id='word_1_79' title='bbox 996 918 1030 966; x_wconf 80' lang='lat'>2.</span> <span class='ocrx_word' id='word_1_80' title='bbox 1055 940 1075 960; x_wconf 85' lang='lat'><strong><em>»</em></strong></span> <span class='ocrx_word' id='word_1_81' title='bbox 1101 919 1300 984; x_wconf 76' lang='lat' dir='ltr'>Exceptis</span> <span class='ocrx_word' id='word_1_82' title='bbox 1320 922 1436 968; x_wconf 88' lang='lat' dir='ltr'>enim</span> 
     </span>
     <span class='ocr_line' id='line_1_11' title="bbox 66 987 1437 1054; baseline 0.003 -20"><span class='ocrx_word' id='word_1_83' title='bbox 66 990 124 1034; x_wconf 91' lang='lat' dir='ltr'>eis</span> <span class='ocrx_word' id='word_1_84' title='bbox 145 989 222 1052; x_wconf 90' lang='lat' dir='ltr'>qui</span> <span class='ocrx_word' id='word_1_85' title='bbox 252 1005 353 1034; x_wconf 82' lang='lat' dir='ltr'>cum</span> <span class='ocrx_word' id='word_1_86' title='bbox 376 987 450 1033; x_wconf 89' lang='lat' dir='ltr'>illo</span> <span class='ocrx_word' id='word_1_87' title='bbox 476 989 604 1033; x_wconf 81' lang='lat' dir='ltr'>etiam</span> <span class='ocrx_word' id='word_1_88' title='bbox 632 987 929 1048; x_wconf 86' lang='lat' dir='ltr'>judicabunt,</span> <span class='ocrx_word' id='word_1_89' title='bbox 951 989 1111 1053; x_wconf 84' lang='lat' dir='ltr'>quibus</span> <span class='ocrx_word' id='word_1_90' title='bbox 1144 1000 1186 1036; x_wconf 93' lang='lat' dir='ltr'>et</span> <span class='ocrx_word' id='word_1_91' title='bbox 1205 992 1405 1054; x_wconf 85' lang='lat' dir='ltr'>promisit</span> <span class='ocrx_word' id='word_1_92' title='bbox 1423 1030 1437 1050; x_wconf 90' lang='lat'>‚</span> 
     </span>
     <span class='ocr_line' id='line_1_12' title="bbox 69 1057 1443 1122; baseline 0.002 -16"><span class='ocrx_word' id='word_1_93' title='bbox 69 1060 215 1106; x_wconf 87' lang='lat' dir='ltr'>dicens</span> <span class='ocrx_word' id='word_1_94' title='bbox 242 1077 252 1104; x_wconf 73' lang='grc' dir='ltr'>ε</span> <span class='ocrx_word' id='word_1_95' title='bbox 285 1080 303 1100; x_wconf 77' lang='grc' dir='ltr'>α</span> <span class='ocrx_word' id='word_1_96' title='bbox 333 1057 545 1104; x_wconf 85' lang='lat' dir='ltr'>Sedebitis</span> <span class='ocrx_word' id='word_1_97' title='bbox 567 1075 695 1122; x_wconf 88' lang='lat' dir='ltr'>super</span> <span class='ocrx_word' id='word_1_98' title='bbox 719 1058 949 1105; x_wconf 81' lang='lat' dir='ltr'>duodecim</span> <span class='ocrx_word' id='word_1_99' title='bbox 972 1059 1171 1117; x_wconf 81' lang='lat' dir='ltr'>thronos,</span> <span class='ocrx_word' id='word_1_100' title='bbox 1194 1061 1443 1121; x_wconf 72' lang='lat' dir='ltr'>judicantes</span> 
     </span>
     <span class='ocr_line' id='line_1_13' title="bbox 71 1129 1445 1194; baseline 0.005 -21"><span class='ocrx_word' id='word_1_101' title='bbox 71 1153 92 1174; x_wconf 81' lang='lat'>&gt;)</span> <span class='ocrx_word' id='word_1_102' title='bbox 117 1130 345 1177; x_wconf 81' lang='lat' dir='ltr'>duodecim</span> <span class='ocrx_word' id='word_1_103' title='bbox 368 1129 506 1175; x_wconf 82' lang='lat' dir='ltr'>tribus</span> <span class='ocrx_word' id='word_1_104' title='bbox 531 1129 663 1175; x_wconf 63' lang='lat' dir='ltr'>lsrael</span> <span class='ocrx_word' id='word_1_105' title='bbox 685 1130 716 1177; x_wconf 65' lang='lat'>3.</span> <span class='ocrx_word' id='word_1_106' title='bbox 743 1153 763 1172; x_wconf 70' lang='lat'>&gt;2</span> <span class='ocrx_word' id='word_1_107' title='bbox 789 1131 839 1176; x_wconf 88' lang='lat' dir='ltr'>ln</span> <span class='ocrx_word' id='word_1_108' title='bbox 855 1148 940 1194; x_wconf 91' lang='lat' dir='ltr'>quo</span> <span class='ocrx_word' id='word_1_109' title='bbox 960 1133 1445 1192; x_wconf 74' lang='lat' dir='ltr'>numerojudicantium</span> 
     </span>
     <span class='ocr_line' id='line_1_14' title="bbox 72 1201 1444 1265; baseline 0.002 -17"><span class='ocrx_word' id='word_1_110' title='bbox 72 1219 217 1257; x_wconf 90' lang='lat' dir='ltr'>omnes</span> <span class='ocrx_word' id='word_1_111' title='bbox 239 1201 557 1261; x_wconf 77' lang='lat' dir='ltr'>intelliguntur,</span> <span class='ocrx_word' id='word_1_112' title='bbox 588 1202 663 1264; x_wconf 83' lang='lat' dir='ltr'>qui</span> <span class='ocrx_word' id='word_1_113' title='bbox 695 1212 875 1265; x_wconf 86' lang='lat' dir='ltr'>propter</span> <span class='ocrx_word' id='word_1_114' title='bbox 902 1203 1180 1263; x_wconf 64' lang='lat' dir='ltr'>Evangelium</span> <span class='ocrx_word' id='word_1_115' title='bbox 1204 1206 1347 1251; x_wconf 86' lang='lat' dir='ltr'>onmia</span> <span class='ocrx_word' id='word_1_116' title='bbox 1368 1222 1444 1251; x_wconf 85' lang='lat' dir='ltr'>sua</span> 
     </span>
     <span class='ocr_line' id='line_1_15' title="bbox 73 1271 1447 1339; baseline 0.001 -20"><span class='ocrx_word' id='word_1_117' title='bbox 73 1273 346 1327; x_wconf 84' lang='lat' dir='ltr'>dimiserunt,</span> <span class='ocrx_word' id='word_1_118' title='bbox 364 1281 405 1316; x_wconf 88' lang='lat' dir='ltr'>et</span> <span class='ocrx_word' id='word_1_119' title='bbox 422 1271 555 1317; x_wconf 87' lang='lat' dir='ltr'>secuti</span> <span class='ocrx_word' id='word_1_120' title='bbox 569 1282 670 1317; x_wconf 86' lang='lat' dir='ltr'>sunt</span> <span class='ocrx_word' id='word_1_121' title='bbox 691 1273 938 1319; x_wconf 82' lang='lat' dir='ltr'>Dominum.</span> <span class='ocrx_word' id='word_1_122' title='bbox 970 1273 1267 1320; x_wconf 82' lang='lat' dir='ltr'>Duodenarius</span> <span class='ocrx_word' id='word_1_123' title='bbox 1280 1276 1447 1339; x_wconf 85' lang='lat' dir='ltr'>quippe</span> 
     </span>
    </p>
   </div>
   <div class='ocr_carea' id='block_1_4' title="bbox 5 1342 1451 1406">
    <p class='ocr_par' dir='ltr' id='par_1_4' title="bbox 5 1342 1451 1406">
     <span class='ocr_line' id='line_1_16' title="bbox 5 1342 1451 1406; baseline 0 -16"><span class='ocrx_word' id='word_1_124' title='bbox 5 1392 9 1400; x_wconf 64' lang='lat'>,</span> <span class='ocrx_word' id='word_1_125' title='bbox 74 1360 278 1390; x_wconf 89' lang='lat' dir='ltr'>numerus</span> <span class='ocrx_word' id='word_1_126' title='bbox 301 1342 355 1388; x_wconf 87' lang='lat' dir='ltr'>ad</span> <span class='ocrx_word' id='word_1_127' title='bbox 379 1342 612 1406; x_wconf 89' lang='lat' dir='ltr'>quamdam</span> <span class='ocrx_word' id='word_1_128' title='bbox 637 1342 958 1388; x_wconf 77' lang='lat' dir='ltr'>universitatem</span> <span class='ocrx_word' id='word_1_129' title='bbox 987 1344 1182 1391; x_wconf 82' lang='lat' dir='ltr'>refertur.</span> <span class='ocrx_word' id='word_1_130' title='bbox 1217 1347 1312 1391; x_wconf 60' lang='lat' dir='ltr'>Nou</span> <span class='ocrx_word' id='word_1_131' title='bbox 1333 1348 1451 1391; x_wconf 86' lang='lat' dir='ltr'>enim</span> 
     </span>
    </p>
   </div>
   <div class='ocr_carea' id='block_1_5' title="bbox 77 1413 1456 1690">
    <p class='ocr_par' dir='ltr' id='par_1_5' title="bbox 77 1413 1456 1690">
     <span class='ocr_line' id='line_1_17' title="bbox 77 1413 1452 1478; baseline 0 -17"><span class='ocrx_word' id='word_1_132' title='bbox 77 1414 238 1461; x_wconf 87' lang='lat' dir='ltr'>Paulus</span> <span class='ocrx_word' id='word_1_133' title='bbox 259 1413 479 1478; x_wconf 84' lang='lat' dir='ltr'>apostolus</span> <span class='ocrx_word' id='word_1_134' title='bbox 509 1413 570 1459; x_wconf 86' lang='lat' dir='ltr'>ibi</span> <span class='ocrx_word' id='word_1_135' title='bbox 598 1431 684 1458; x_wconf 90' lang='lat' dir='ltr'>non</span> <span class='ocrx_word' id='word_1_136' title='bbox 713 1414 821 1470; x_wconf 83' lang='lat' dir='ltr'>erit,</span> <span class='ocrx_word' id='word_1_137' title='bbox 843 1414 943 1477; x_wconf 85' lang='lat' dir='ltr'>quia</span> <span class='ocrx_word' id='word_1_138' title='bbox 971 1415 1195 1461; x_wconf 86' lang='lat' dir='ltr'>interillos</span> <span class='ocrx_word' id='word_1_139' title='bbox 1219 1415 1452 1462; x_wconf 85' lang='lat' dir='ltr'>duodecim</span> 
     </span>
     <span class='ocr_line' id='line_1_18' title="bbox 78 1484 1453 1548; baseline 0 -16"><span class='ocrx_word' id='word_1_140' title='bbox 78 1504 165 1532; x_wconf 87' lang='lat' dir='ltr'>non</span> <span class='ocrx_word' id='word_1_141' title='bbox 190 1485 286 1533; x_wconf 86' lang='lat' dir='ltr'>fuit.</span> <span class='ocrx_word' id='word_1_142' title='bbox 319 1484 519 1548; x_wconf 80' lang='lat' dir='ltr'>Exceptis</span> <span class='ocrx_word' id='word_1_143' title='bbox 542 1502 642 1545; x_wconf 84' lang='lat' dir='ltr'>ergo</span> <span class='ocrx_word' id='word_1_144' title='bbox 658 1484 759 1541; x_wconf 83' lang='lat' dir='ltr'>illis,</span> <span class='ocrx_word' id='word_1_145' title='bbox 786 1502 894 1548; x_wconf 89' lang='lat' dir='ltr'>quos</span> <span class='ocrx_word' id='word_1_146' title='bbox 911 1485 1039 1531; x_wconf 82' lang='lat' dir='ltr'>etiam</span> <span class='ocrx_word' id='word_1_147' title='bbox 1064 1487 1237 1532; x_wconf 83' lang='lat' dir='ltr'>nomine</span> <span class='ocrx_word' id='word_1_148' title='bbox 1261 1486 1453 1547; x_wconf 86' lang='lat' dir='ltr'>Angelo-</span> 
     </span>
     <span class='ocr_line' id='line_1_19' title="bbox 80 1554 1452 1618; baseline 0 -16"><span class='ocrx_word' id='word_1_149' title='bbox 80 1574 176 1602; x_wconf 89' lang='lat' dir='ltr'>rum</span> <span class='ocrx_word' id='word_1_150' title='bbox 201 1555 473 1616; x_wconf 66' lang='lat' dir='ltr'>siguifioevst,</span> <span class='ocrx_word' id='word_1_151' title='bbox 492 1554 668 1618; x_wconf 82' lang='lat' dir='ltr'>quando</span> <span class='ocrx_word' id='word_1_152' title='bbox 691 1556 775 1600; x_wconf 88' lang='lat' dir='ltr'>ait:</span> <span class='ocrx_word' id='word_1_153' title='bbox 801 1576 821 1596; x_wconf 89' lang='lat'>«</span> <span class='ocrx_word' id='word_1_154' title='bbox 843 1557 955 1600; x_wconf 69' lang='lat' dir='ltr'>(juni</span> <span class='ocrx_word' id='word_1_155' title='bbox 973 1556 1135 1601; x_wconf 76' lang='lat' dir='ltr'>venerit</span> <span class='ocrx_word' id='word_1_156' title='bbox 1163 1556 1291 1602; x_wconf 77' lang='lat' dir='ltr'>Filius</span> <span class='ocrx_word' id='word_1_157' title='bbox 1310 1556 1452 1602; x_wconf 87' lang='lat' dir='ltr'>homi-</span> 
     </span>
     <span class='ocr_line' id='line_1_20' title="bbox 83 1624 1456 1690; baseline -0.001 -18"><span class='ocrx_word' id='word_1_158' title='bbox 83 1650 103 1682; x_wconf 47' lang='grc' dir='ltr'>ξ)</span> <span class='ocrx_word' id='word_1_159' title='bbox 128 1627 194 1673; x_wconf 91' lang='lat' dir='ltr'>nis</span> <span class='ocrx_word' id='word_1_160' title='bbox 214 1626 412 1686; x_wconf 75' lang='lat' dir='ltr'>Judieare</span> <span class='ocrx_word' id='word_1_161' title='bbox 448 1642 547 1670; x_wconf 79' lang='lat' dir='ltr'>cuin</span> <span class='ocrx_word' id='word_1_162' title='bbox 588 1624 760 1684; x_wconf 82' lang='lat' dir='ltr'>Angelis</span> <span class='ocrx_word' id='word_1_163' title='bbox 789 1625 888 1671; x_wconf 89' lang='lat' dir='ltr'>suis.</span> <span class='ocrx_word' id='word_1_164' title='bbox 915 1647 935 1666; x_wconf 89' lang='lat'>»</span> <span class='ocrx_word' id='word_1_165' title='bbox 960 1625 1109 1685; x_wconf 87' lang='lat' dir='ltr'>Angeli</span> <span class='ocrx_word' id='word_1_166' title='bbox 1144 1627 1259 1672; x_wconf 80' lang='lat' dir='ltr'>enim</span> <span class='ocrx_word' id='word_1_167' title='bbox 1305 1627 1456 1690; x_wconf 85' lang='lat' dir='ltr'>utique</span> 
     </span>
    </p>
   </div>
   <div class='ocr_carea' id='block_1_6' title="bbox 83 1696 1458 1760">
    <p class='ocr_par' dir='ltr' id='par_1_6' title="bbox 13 1683 1458 1760">
     <span class='ocr_line' id='line_1_21' title="bbox 83 1696 1458 1760; baseline -0.006 -11.388"><span class='ocrx_word' id='word_1_168' title='bbox 83 1699 223 1746; x_wconf 86' lang='lat' dir='ltr'>nuntii</span> <span class='ocrx_word' id='word_1_169' title='bbox 252 1708 364 1744; x_wconf 90' lang='lat' dir='ltr'>sunt.</span> <span class='ocrx_word' id='word_1_170' title='bbox 396 1696 580 1742; x_wconf 78' lang='lat' dir='ltr'>Nuntios</span> <span class='ocrx_word' id='word_1_171' title='bbox 605 1707 747 1743; x_wconf 83' lang='lat' dir='ltr'>autem</span> <span class='ocrx_word' id='word_1_172' title='bbox 776 1696 1009 1742; x_wconf 82' lang='lat' dir='ltr'>rectissime</span> <span class='ocrx_word' id='word_1_173' title='bbox 1033 1696 1273 1760; x_wconf 82' lang='lat' dir='ltr'>accipimus</span> <span class='ocrx_word' id='word_1_174' title='bbox 1292 1714 1458 1750; x_wconf 84' lang='lat' dir='ltr'>omnes,</span> 
     </span>
    </p>
   </div>
   <div class='ocr_carea' id='block_1_7' title="bbox 85 1767 1462 1902">
    <p class='ocr_par' dir='ltr' id='par_1_7' title="bbox 85 1767 1462 1902">
     <span class='ocr_line' id='line_1_22' title="bbox 85 1767 1460 1834; baseline 0 -20"><span class='ocrx_word' id='word_1_175' title='bbox 85 1771 157 1834; x_wconf 85' lang='lat' dir='ltr'>qui</span> <span class='ocrx_word' id='word_1_176' title='bbox 188 1769 367 1815; x_wconf 83' lang='lat' dir='ltr'>salutem</span> <span class='ocrx_word' id='word_1_177' title='bbox 395 1767 611 1813; x_wconf 66' lang='lat' dir='ltr'>colestem</span> <span class='ocrx_word' id='word_1_178' title='bbox 645 1767 899 1813; x_wconf 84' lang='lat' dir='ltr'>hominibus</span> <span class='ocrx_word' id='word_1_179' title='bbox 926 1768 1142 1814; x_wconf 85' lang='lat' dir='ltr'>nuntiant.</span> <span class='ocrx_word' id='word_1_180' title='bbox 1176 1768 1299 1816; x_wconf 73' lang='lat' dir='ltr'>Unde</span> <span class='ocrx_word' id='word_1_181' title='bbox 1330 1769 1460 1814; x_wconf 86' lang='lat' dir='ltr'>etiam</span> 
     </span>
     <span class='ocr_line' id='line_1_23' title="bbox 87 1838 1462 1902; baseline -0.003 -16"><span class='ocrx_word' id='word_1_182' title='bbox 87 1839 373 1901; x_wconf 79' lang='lat' dir='ltr'>Evangelistae</span> <span class='ocrx_word' id='word_1_183' title='bbox 419 1839 524 1884; x_wconf 84' lang='lat' dir='ltr'>boui</span> <span class='ocrx_word' id='word_1_184' title='bbox 565 1838 707 1884; x_wconf 87' lang='lat' dir='ltr'>nuntii</span> <span class='ocrx_word' id='word_1_185' title='bbox 746 1849 926 1901; x_wconf 86' lang='lat' dir='ltr'>possunt</span> <span class='ocrx_word' id='word_1_186' title='bbox 961 1839 1236 1902; x_wconf 85' lang='lat' dir='ltr'>interpretari</span> <span class='ocrx_word' id='word_1_187' title='bbox 1276 1856 1287 1884; x_wconf 89' lang='lat'><strong>:</strong></span> <span class='ocrx_word' id='word_1_188' title='bbox 1327 1849 1367 1884; x_wconf 83' lang='lat' dir='ltr'>et</span> <span class='ocrx_word' id='word_1_189' title='bbox 1409 1838 1462 1883; x_wconf 87' lang='lat' dir='ltr'>de</span> 
     </span>
    </p>
   </div>
   <div class='ocr_carea' id='block_1_8' title="bbox 19 1909 1463 1978">
    <p class='ocr_par' dir='ltr' id='par_1_8' title="bbox 19 1909 1463 1978">
     <span class='ocr_line' id='line_1_24' title="bbox 19 1909 1463 1978; baseline -0.002 -21"><span class='ocrx_word' id='word_1_190' title='bbox 19 1929 23 1978; x_wconf 47' lang='lat'>¹.</span> <span class='ocrx_word' id='word_1_191' title='bbox 87 1915 252 1958; x_wconf 72' lang='lat' dir='ltr'>Joaune</span> <span class='ocrx_word' id='word_1_192' title='bbox 269 1910 462 1974; x_wconf 77' lang='lat' dir='ltr'>Baptista</span> <span class='ocrx_word' id='word_1_193' title='bbox 479 1909 645 1955; x_wconf 90' lang='lat' dir='ltr'>dictum</span> <span class='ocrx_word' id='word_1_194' title='bbox 667 1920 750 1954; x_wconf 88' lang='lat' dir='ltr'>est:</span> <span class='ocrx_word' id='word_1_195' title='bbox 775 1932 793 1951; x_wconf 68' lang='lat' dir='ltr'>(t</span> <span class='ocrx_word' id='word_1_196' title='bbox 818 1910 926 1954; x_wconf 74' lang='lat' dir='ltr'>Ecce</span> <span class='ocrx_word' id='word_1_197' title='bbox 949 1909 1071 1954; x_wconf 87' lang='lat' dir='ltr'>mitto</span> <span class='ocrx_word' id='word_1_198' title='bbox 1093 1910 1301 1969; x_wconf 82' lang='lat' dir='ltr'>Angelum</span> <span class='ocrx_word' id='word_1_199' title='bbox 1321 1926 1463 1956; x_wconf 85' lang='lat' dir='ltr'>meum</span> 
     </span>
    </p>
   </div>
   <div class='ocr_carea' id='block_1_9' title="bbox 91 1978 1462 2043">
    <p class='ocr_par' dir='ltr' id='par_1_9' title="bbox 91 1978 1462 2043">
     <span class='ocr_line' id='line_1_25' title="bbox 91 1978 1462 2043; baseline -0.003 -15"><span class='ocrx_word' id='word_1_200' title='bbox 91 2005 110 2024; x_wconf 91' lang='lat'>»</span> <span class='ocrx_word' id='word_1_201' title='bbox 136 1993 232 2028; x_wconf 85' lang='lat' dir='ltr'>aute</span> <span class='ocrx_word' id='word_1_202' title='bbox 266 1980 416 2028; x_wconf 81' lang='lat' dir='ltr'>faciem</span> <span class='ocrx_word' id='word_1_203' title='bbox 448 1991 564 2025; x_wconf 85' lang='lat' dir='ltr'>tuam</span> <span class='ocrx_word' id='word_1_204' title='bbox 591 1978 623 2026; x_wconf 61' lang='lat'>²¹.</span> <span class='ocrx_word' id='word_1_205' title='bbox 651 2002 671 2020; x_wconf 89' lang='lat'>»</span> <span class='ocrx_word' id='word_1_206' title='bbox 697 1980 774 2024; x_wconf 85' lang='lat' dir='ltr'>llis</span> <span class='ocrx_word' id='word_1_207' title='bbox 809 1997 909 2038; x_wconf 81' lang='lat' dir='ltr'>ergo</span> <span class='ocrx_word' id='word_1_208' title='bbox 927 2017 937 2029; x_wconf 87' lang='grc'>,</span> <span class='ocrx_word' id='word_1_209' title='bbox 964 1991 1010 2025; x_wconf 90' lang='lat' dir='ltr'>ut</span> <span class='ocrx_word' id='word_1_210' title='bbox 1039 1979 1181 2025; x_wconf 81' lang='lat' dir='ltr'>dicere</span> <span class='ocrx_word' id='word_1_211' title='bbox 1211 1997 1430 2043; x_wconf 71' lang='lat' dir='ltr'>coeperam</span> <span class='ocrx_word' id='word_1_212' title='bbox 1450 2015 1462 2035; x_wconf 90' lang='lat'>‚</span> 
     </span>
    </p>
   </div>
   <div class='ocr_carea' id='block_1_10' title="bbox 24 2049 1467 2116">
    <p class='ocr_par' dir='ltr' id='par_1_10' title="bbox 24 2049 1467 2116">
     <span class='ocr_line' id='line_1_26' title="bbox 24 2049 1467 2116; baseline -0.002 -19"><span class='ocrx_word' id='word_1_213' title='bbox 24 2086 25 2091; x_wconf 61' lang='lat'>,</span> <span class='ocrx_word' id='word_1_214' title='bbox 91 2051 302 2116; x_wconf 83' lang='lat' dir='ltr'>exceptis,</span> <span class='ocrx_word' id='word_1_215' title='bbox 329 2061 485 2096; x_wconf 76' lang='lat' dir='ltr'>caetera</span> <span class='ocrx_word' id='word_1_216' title='bbox 513 2050 705 2095; x_wconf 86' lang='lat' dir='ltr'>omnium</span> <span class='ocrx_word' id='word_1_217' title='bbox 735 2049 963 2094; x_wconf 81' lang='lat' dir='ltr'>homiuum</span> <span class='ocrx_word' id='word_1_218' title='bbox 998 2049 1235 2096; x_wconf 83' lang='lat' dir='ltr'>multitudo</span> <span class='ocrx_word' id='word_1_219' title='bbox 1254 2087 1266 2105; x_wconf 82' lang='grc'><strong>,</strong></span> <span class='ocrx_word' id='word_1_220' title='bbox 1287 2051 1399 2096; x_wconf 69' lang='lat' dir='ltr'>sieut</span> <span class='ocrx_word' id='word_1_221' title='bbox 1424 2051 1467 2094; x_wconf 93' lang='lat' dir='ltr'>in</span> 
     </span>
    </p>
   </div>
   <div class='ocr_carea' id='block_1_11' title="bbox 92 2119 1468 2186">
    <p class='ocr_par' dir='ltr' id='par_1_11' title="bbox 92 2119 1468 2186">
     <span class='ocr_line' id='line_1_27' title="bbox 92 2119 1468 2186; baseline -0.001 -19"><span class='ocrx_word' id='word_1_222' title='bbox 92 2122 228 2186; x_wconf 84' lang='lat' dir='ltr'>ipsius</span> <span class='ocrx_word' id='word_1_223' title='bbox 245 2120 386 2166; x_wconf 79' lang='lat' dir='ltr'>verbis</span> <span class='ocrx_word' id='word_1_224' title='bbox 408 2119 584 2166; x_wconf 85' lang='lat' dir='ltr'>Domini</span> <span class='ocrx_word' id='word_1_225' title='bbox 607 2119 877 2165; x_wconf 72' lang='lat' dir='ltr'>manilis‘um</span> <span class='ocrx_word' id='word_1_226' title='bbox 908 2130 987 2174; x_wconf 78' lang='lat' dir='ltr'>est,</span> <span class='ocrx_word' id='word_1_227' title='bbox 1016 2120 1058 2165; x_wconf 90' lang='lat' dir='ltr'>iu</span> <span class='ocrx_word' id='word_1_228' title='bbox 1084 2119 1191 2166; x_wconf 86' lang='lat' dir='ltr'>duas</span> <span class='ocrx_word' id='word_1_229' title='bbox 1222 2132 1364 2184; x_wconf 84' lang='lat' dir='ltr'>partes</span> <span class='ocrx_word' id='word_1_230' title='bbox 1395 2119 1468 2166; x_wconf 86' lang='lat' dir='ltr'>di-</span> 
     </span>
    </p>
   </div>
   <div class='ocr_carea' id='block_1_12' title="bbox 27 2184 1472 2320">
    <p class='ocr_par' dir='ltr' id='par_1_12' title="bbox 27 2184 1472 2320">
     <span class='ocr_line' id='line_1_28' title="bbox 27 2184 1472 2246; baseline -0.002 -7"><span class='ocrx_word' id='word_1_231' title='bbox 27 2184 29 2239; x_wconf 43' lang='lat'><em>]</em></span> <span class='ocrx_word' id='word_1_232' title='bbox 94 2191 265 2238; x_wconf 83' lang='lat' dir='ltr'>videtur</span> <span class='ocrx_word' id='word_1_233' title='bbox 283 2190 316 2237; x_wconf 75' lang='lat'>5.</span> <span class='ocrx_word' id='word_1_234' title='bbox 344 2186 567 2236; x_wconf 75' lang='lat' dir='ltr'>Positurus</span> <span class='ocrx_word' id='word_1_235' title='bbox 598 2200 659 2234; x_wconf 80' lang='lat' dir='ltr'>est</span> <span class='ocrx_word' id='word_1_236' title='bbox 688 2190 800 2234; x_wconf 83' lang='lat' dir='ltr'>enim</span> <span class='ocrx_word' id='word_1_237' title='bbox 839 2206 937 2235; x_wconf 66' lang='lat' dir='ltr'>oves</span> <span class='ocrx_word' id='word_1_238' title='bbox 962 2190 1015 2235; x_wconf 89' lang='lat' dir='ltr'>ad</span> <span class='ocrx_word' id='word_1_239' title='bbox 1046 2189 1289 2246; x_wconf 67' lang='lat' dir='ltr'>dexteram,</span> <span class='ocrx_word' id='word_1_240' title='bbox 1315 2189 1472 2236; x_wconf 72' lang='lat' dir='ltr'>hoedos</span> 
     </span>
     <span class='ocr_line' id='line_1_29' title="bbox 29 2259 1467 2320; baseline -0.003 -11"><span class='ocrx_word' id='word_1_241' title='bbox 29 2286 31 2318; x_wconf 68' lang='lat' dir='ltr'><strong>f</strong></span> <span class='ocrx_word' id='word_1_242' title='bbox 97 2262 150 2309; x_wconf 84' lang='lat' dir='ltr'>ad</span> <span class='ocrx_word' id='word_1_243' title='bbox 170 2262 382 2308; x_wconf 87' lang='lat' dir='ltr'>sinistram</span> <span class='ocrx_word' id='word_1_244' title='bbox 412 2278 422 2305; x_wconf 73' lang='grc' dir='ltr'><strong>ε</strong></span> <span class='ocrx_word' id='word_1_245' title='bbox 450 2271 490 2306; x_wconf 86' lang='lat' dir='ltr'>et</span> <span class='ocrx_word' id='word_1_246' title='bbox 515 2260 682 2306; x_wconf 82' lang='lat' dir='ltr'>dicetur</span> <span class='ocrx_word' id='word_1_247' title='bbox 712 2259 885 2313; x_wconf 78' lang='lat' dir='ltr'>ovibus,</span> <span class='ocrx_word' id='word_1_248' title='bbox 911 2259 953 2305; x_wconf 87' lang='lat' dir='ltr'>id</span> <span class='ocrx_word' id='word_1_249' title='bbox 978 2271 1056 2311; x_wconf 82' lang='lat' dir='ltr'>est,</span> <span class='ocrx_word' id='word_1_250' title='bbox 1073 2261 1226 2320; x_wconf 76' lang='lat' dir='ltr'>justis:</span> <span class='ocrx_word' id='word_1_251' title='bbox 1253 2283 1272 2302; x_wconf 85' lang='lat'>«</span> <span class='ocrx_word' id='word_1_252' title='bbox 1298 2260 1467 2315; x_wconf 73' lang='lat' dir='ltr'>Venite,</span> 
     </span>
    </p>
   </div>
   <div class='ocr_carea' id='block_1_13' title="bbox 91 2330 1482 2794">
    <p class='ocr_par' dir='ltr' id='par_1_13' title="bbox 91 2330 1482 2748">
     <span class='ocr_line' id='line_1_30' title="bbox 99 2330 1473 2395; baseline -0.002 -16"><span class='ocrx_word' id='word_1_253' title='bbox 99 2355 120 2375; x_wconf 88' lang='lat'>»</span> <span class='ocrx_word' id='word_1_254' title='bbox 144 2332 362 2380; x_wconf 81' lang='lat' dir='ltr'>benedieti</span> <span class='ocrx_word' id='word_1_255' title='bbox 385 2331 525 2378; x_wconf 84' lang='lat' dir='ltr'>Patris</span> <span class='ocrx_word' id='word_1_256' title='bbox 550 2331 647 2387; x_wconf 83' lang='lat' dir='ltr'>mei,</span> <span class='ocrx_word' id='word_1_257' title='bbox 674 2330 886 2394; x_wconf 80' lang='lat' dir='ltr'>percipite</span> <span class='ocrx_word' id='word_1_258' title='bbox 908 2348 1083 2390; x_wconf 77' lang='lat' dir='ltr'>reguum</span> <span class='ocrx_word' id='word_1_259' title='bbox 1106 2332 1225 2395; x_wconf 86' lang='lat' dir='ltr'>quod</span> <span class='ocrx_word' id='word_1_260' title='bbox 1248 2330 1372 2378; x_wconf 68' lang='lat' dir='ltr'>vobis</span> <span class='ocrx_word' id='word_1_261' title='bbox 1390 2350 1473 2395; x_wconf 84' lang='lat' dir='ltr'>pa-</span> 
     </span>
     <span class='ocr_line' id='line_1_31' title="bbox 100 2401 1474 2464; baseline 0.001 -18"><span class='ocrx_word' id='word_1_262' title='bbox 100 2426 120 2447; x_wconf 88' lang='lat'>»</span> <span class='ocrx_word' id='word_1_263' title='bbox 144 2414 286 2450; x_wconf 86' lang='lat' dir='ltr'>ratum</span> <span class='ocrx_word' id='word_1_264' title='bbox 322 2413 385 2449; x_wconf 88' lang='lat' dir='ltr'>est</span> <span class='ocrx_word' id='word_1_265' title='bbox 418 2420 441 2448; x_wconf 83' lang='lat' dir='ltr'>a</span> <span class='ocrx_word' id='word_1_266' title='bbox 474 2401 782 2448; x_wconf 85' lang='lat' dir='ltr'>constitutione</span> <span class='ocrx_word' id='word_1_267' title='bbox 816 2401 1018 2448; x_wconf 61' lang='lat' dir='ltr'>mundiss.</span> <span class='ocrx_word' id='word_1_268' title='bbox 1049 2423 1069 2445; x_wconf 80' lang='grc' dir='ltr'><strong>υ</strong></span> <span class='ocrx_word' id='word_1_269' title='bbox 1112 2404 1174 2448; x_wconf 89' lang='lat' dir='ltr'>De</span> <span class='ocrx_word' id='word_1_270' title='bbox 1207 2402 1290 2448; x_wconf 83' lang='lat' dir='ltr'>hoc</span> <span class='ocrx_word' id='word_1_271' title='bbox 1326 2402 1474 2464; x_wconf 84' lang='lat' dir='ltr'>utique</span> 
     </span>
     <span class='ocr_line' id='line_1_32' title="bbox 100 2470 1470 2536; baseline -0.005 -15"><span class='ocrx_word' id='word_1_272' title='bbox 100 2490 230 2536; x_wconf 82' lang='lat' dir='ltr'>regno</span> <span class='ocrx_word' id='word_1_273' title='bbox 270 2471 376 2518; x_wconf 75' lang='lat' dir='ltr'>dixit</span> <span class='ocrx_word' id='word_1_274' title='bbox 405 2471 636 2536; x_wconf 83' lang='lat' dir='ltr'>Apostolus</span> <span class='ocrx_word' id='word_1_275' title='bbox 653 2509 662 2525; x_wconf 91' lang='lat'>‚</span> <span class='ocrx_word' id='word_1_276' title='bbox 701 2488 803 2518; x_wconf 69' lang='lat' dir='ltr'>(rum</span> <span class='ocrx_word' id='word_1_277' title='bbox 841 2483 1109 2518; x_wconf 81' lang='lat' dir='ltr'>enumeraret</span> <span class='ocrx_word' id='word_1_278' title='bbox 1146 2488 1278 2534; x_wconf 83' lang='lat' dir='ltr'>opera</span> <span class='ocrx_word' id='word_1_279' title='bbox 1323 2470 1433 2516; x_wconf 78' lang='lat' dir='ltr'>mala</span> <span class='ocrx_word' id='word_1_280' title='bbox 1458 2488 1470 2514; x_wconf 77' lang='grc' dir='ltr'>ε</span> 
     </span>
     <span class='ocr_line' id='line_1_33' title="bbox 91 2539 1477 2606; baseline -0.001 -19"><span class='ocrx_word' id='word_1_281' title='bbox 91 2566 124 2603; x_wconf 35' lang='grc' dir='ltr'>,α</span> <span class='ocrx_word' id='word_1_282' title='bbox 148 2543 367 2602; x_wconf 77' lang='lat' dir='ltr'>Quoniam</span> <span class='ocrx_word' id='word_1_283' title='bbox 399 2542 474 2606; x_wconf 89' lang='lat' dir='ltr'>qui</span> <span class='ocrx_word' id='word_1_284' title='bbox 503 2542 604 2589; x_wconf 81' lang='lat' dir='ltr'>talia</span> <span class='ocrx_word' id='word_1_285' title='bbox 637 2552 795 2602; x_wconf 85' lang='lat' dir='ltr'>agunt,</span> <span class='ocrx_word' id='word_1_286' title='bbox 832 2559 1012 2603; x_wconf 86' lang='lat' dir='ltr'>regnum</span> <span class='ocrx_word' id='word_1_287' title='bbox 1051 2542 1129 2589; x_wconf 89' lang='lat' dir='ltr'>Dei</span> <span class='ocrx_word' id='word_1_288' title='bbox 1158 2559 1245 2588; x_wconf 86' lang='lat' dir='ltr'>non</span> <span class='ocrx_word' id='word_1_289' title='bbox 1281 2539 1477 2604; x_wconf 76' lang='lat' dir='ltr'>posside-</span> 
     </span>
     <span class='ocr_line' id='line_1_34' title="bbox 92 2637 1482 2685; baseline 0 -12"><span class='ocrx_word' id='word_1_290' title='bbox 92 2670 96 2673; x_wconf 90' lang='lat'>.</span> <span class='ocrx_word' id='word_1_291' title='bbox 152 2643 164 2668; x_wconf 77' lang='lat'>⁸</span> <span class='ocrx_word' id='word_1_292' title='bbox 197 2655 207 2676; x_wconf 85' lang='grc' dir='ltr'>ι</span> <span class='ocrx_word' id='word_1_293' title='bbox 238 2645 312 2677; x_wconf 78' lang='lat' dir='ltr'>Cor.</span> <span class='ocrx_word' id='word_1_294' title='bbox 337 2652 393 2680; x_wconf 76' lang='lat' dir='ltr'>xv,</span> <span class='ocrx_word' id='word_1_295' title='bbox 419 2642 474 2674; x_wconf 88' lang='grc' dir='ltr'>5ο.</span> <span class='ocrx_word' id='word_1_296' title='bbox 492 2658 538 2666; x_wconf 92' lang='lat'>-—</span> <span class='ocrx_word' id='word_1_297' title='bbox 563 2641 578 2663; x_wconf 83' lang='lat'><strong>²</strong></span> <span class='ocrx_word' id='word_1_298' title='bbox 603 2641 685 2676; x_wconf 69' lang='lat' dir='ltr'>Psnl.</span> <span class='ocrx_word' id='word_1_299' title='bbox 703 2652 774 2678; x_wconf 77' lang='lat' dir='ltr'>mx.</span> <span class='ocrx_word' id='word_1_300' title='bbox 791 2641 824 2673; x_wconf 81' lang='lat'>6.</span> <span class='ocrx_word' id='word_1_301' title='bbox 840 2658 886 2666; x_wconf 91' lang='lat'>—-</span> <span class='ocrx_word' id='word_1_302' title='bbox 910 2640 926 2666; x_wconf 74' lang='lat'><strong>³</strong></span> <span class='ocrx_word' id='word_1_303' title='bbox 950 2642 1067 2674; x_wconf 72' lang='lat' dir='ltr'>Mnub.</span> <span class='ocrx_word' id='word_1_304' title='bbox 1089 2652 1158 2685; x_wconf 75' lang='grc' dir='ltr'>υι,</span> <span class='ocrx_word' id='word_1_305' title='bbox 1177 2643 1229 2673; x_wconf 65' lang='lat'>⁹8.</span> <span class='ocrx_word' id='word_1_306' title='bbox 1244 2657 1290 2666; x_wconf 88' lang='lat'>--</span> <span class='ocrx_word' id='word_1_307' title='bbox 1308 2637 1324 2664; x_wconf 78' lang='lat'>⁴</span> <span class='ocrx_word' id='word_1_308' title='bbox 1341 2639 1482 2677; x_wconf 60' lang='lat' dir='ltr'>Malacha</span> 
     </span>
     <span class='ocr_line' id='line_1_35' title="bbox 108 2693 1336 2748; baseline -0.002 -17"><span class='ocrx_word' id='word_1_309' title='bbox 108 2711 147 2734; x_wconf 82' lang='grc' dir='ltr'>ιιι</span> <span class='ocrx_word' id='word_1_310' title='bbox 163 2722 172 2743; x_wconf 83' lang='lat'>,</span> <span class='ocrx_word' id='word_1_311' title='bbox 198 2709 225 2730; x_wconf 85' lang='grc' dir='ltr'>ι.</span> <span class='ocrx_word' id='word_1_312' title='bbox 242 2694 318 2722; x_wconf 76' lang='lat'>...5</span> <span class='ocrx_word' id='word_1_313' title='bbox 338 2696 446 2748; x_wconf 68' lang='lat' dir='ltr'>lj&#39;lorus</span> <span class='ocrx_word' id='word_1_314' title='bbox 463 2695 501 2728; x_wconf 73' lang='lat' dir='ltr'>ud</span> <span class='ocrx_word' id='word_1_315' title='bbox 522 2694 639 2739; x_wconf 76' lang='lat' dir='ltr'>Ephes.</span> <span class='ocrx_word' id='word_1_316' title='bbox 660 2706 689 2727; x_wconf 82' lang='lat' dir='ltr'>v.</span> <span class='ocrx_word' id='word_1_317' title='bbox 708 2712 755 2722; x_wconf 90' lang='lat'>-—</span> <span class='ocrx_word' id='word_1_318' title='bbox 769 2693 784 2715; x_wconf 65' lang='grc' dir='ltr'>ὓ</span> <span class='ocrx_word' id='word_1_319' title='bbox 802 2695 921 2731; x_wconf 68' lang='lat' dir='ltr'>Manli.</span> <span class='ocrx_word' id='word_1_320' title='bbox 938 2707 1013 2736; x_wconf 76' lang='lat' dir='ltr'>xxv,</span> <span class='ocrx_word' id='word_1_321' title='bbox 1035 2697 1090 2734; x_wconf 62' lang='lat'>34.</span> <span class='ocrx_word' id='word_1_322' title='bbox 1333 2735 1336 2740; x_wconf 29' lang='grc' dir='ltr'>Ι</span> 
     </span>
    </p>

    <p class='ocr_par' dir='ltr' id='par_1_14' title="bbox 1267 2760 1346 2794">
     <span class='ocr_line' id='line_1_36' title="bbox 1267 2760 1346 2794; baseline 0 -1"><span class='ocrx_word' id='word_1_323' title='bbox 1267 2760 1346 2794; x_wconf 74' lang='grc'>90.</span> 
     </span>
    </p>
   </div>
  </div>
 </body>
</html>
