1942 3272
459 300 551 356 264
865 316 901 346 s,
945 312 1184 346 AUGUSTINI
1225 314 1424 349 srlscorl

455 381 558 428 disti
596 379 797 427 barbaris
829 381 948 445 quod
978 380 1204 436 habuisti,
1240 380 1397 428 frater?
1428 383 1588 429 Totum
1613 418 1624 437 ,
1657 380 1834 446 inquit,

457 451 576 509 dedi,
602 451 747 498 nudus
772 452 980 505 remansi3
1009 450 1086 496 etsi
1109 449 1271 507 nudus,
1291 452 1451 500 vivam.
1486 453 1542 499 Et
1560 453 1724 516 quare?
1752 451 1837 497 To-

455 535 527 570 tus
550 522 814 569 occidendus
829 540 963 578 eram,
985 521 1082 568 ideo
1111 531 1247 567 totum
1265 521 1381 570 dedi.
1412 524 1468 569 Et
1489 540 1622 587 quare
1643 521 1727 567 tibi
1750 520 1837 567 hoc

459 594 669 654 contigit?
695 593 768 641 Vis
813 593 913 640 dico
950 592 1061 638 tibi?
1096 591 1210 648 Quia
1243 603 1474 656 antequam
1507 592 1723 639 barbarus
1760 607 1837 638 su-

459 664 704 730 perveniret
723 702 735 722 ,
762 663 949 729 pauperi
971 681 1059 709 nou
1092 663 1400 721 subveniebas,
1428 675 1476 710 ut
1497 681 1575 728 per
1599 679 1836 728 pauperem

460 735 728 800 eleemosyna
761 735 815 781 ad
840 734 1065 780 Christum
1102 733 1371 798 perveniret?
1404 734 1579 780 Christo
1612 732 1837 779 modicum

459 824 548 853 non
571 806 744 863 dedisti,
773 816 815 851 et
832 804 1031 851 barbaris
1055 815 1193 849 totum
1218 804 1337 867 quod
1359 804 1572 862 habuisti,
1593 802 1771 859 dedisti,
1795 813 1837 849 et

458 877 546 924 hoc
567 895 667 924 cum
694 886 960 923 sacramento
982 875 1153 922 dedisti.
1187 875 1387 921 Christus
1412 887 1552 936 rogat,
1581 885 1623 921 et
1645 891 1734 920 non
1759 890 1836 920 ac-

459 947 567 1011 cipit
598 965 607 992 :
634 947 704 992 ille
723 957 894 1010 torquet
916 983 926 1003 ,
956 956 997 990 et
1034 956 1173 991 totum
1205 944 1357 992 aufert.
1392 945 1435 991 Si
1473 945 1582 991 tanti
1620 943 1838 990 redemisti

458 1018 593 1064 vitam
632 1018 869 1081 perituram
887 1054 897 1073 ,
939 1015 1090 1079 quanti
1120 1015 1415 1079 comparanda
1451 1026 1512 1061 est
1534 1016 1623 1066 vita
1651 1016 1835 1060 aeterna?

462 1089 550 1144 Qui
570 1088 646 1134 das
671 1088 805 1143 hosti,
832 1098 880 1133 ut
897 1087 1015 1133 vivas
1040 1086 1282 1142 111011clicus,
1311 1086 1365 1132 da
1387 1085 1553 1150 aliquid
1572 1085 1765 1141 Christo,
1789 1094 1837 1130 ut

458 1159 577 1206 vivas
601 1159 765 1205 beatus.
798 1158 857 1202 Ut
873 1157 992 1203 vivas
1016 1157 1167 1219 paucis
1195 1156 1349 1202 diebus
1371 1194 1380 1210 ,
1409 1156 1527 1220 quod
1552 1154 1688 1202 hostis
1711 1154 1837 1214 exigit

456 1229 564 1276 facis
582 1267 592 1285 ‚
619 1240 660 1275 et
685 1229 803 1292 quod
836 1228 1037 1273 Christus
1072 1227 1221 1287 exigit,
1258 1228 1527 1273 contemnis?
1554 1227 1717 1272 Omnes
1747 1224 1835 1271 dies

458 1300 648 1346 hominis
673 1301 728 1346 ab
755 1298 939 1345 infautia
963 1316 1097 1361 usque
1119 1298 1172 1343 ad
1197 1309 1458 1344 senectutem
1477 1297 1608 1361 pauci
1637 1307 1736 1342 sunt
1761 1313 1770 1340 :
1793 1307 1836 1340 et

458 1371 490 1416 si
510 1372 600 1434 ipse
619 1370 757 1416 Adam
783 1369 915 1415 hodie
938 1380 1194 1425 moreretur,
1222 1386 1385 1432 paucos
1411 1368 1499 1414 dies
1519 1368 1703 1423 vixerat,
1733 1365 1835 1429 quia

458 1459 605 1488 omnes
641 1442 836 1494 finierat3
862 1441 937 1504 qui
980 1441 1129 1504 utique
1151 1458 1219 1485 sex
1251 1440 1380 1486 millia
1414 1457 1547 1486 annos
1579 1439 1765 1490 vixerat3
1793 1447 1835 1482 et

458 1522 604 1557 tamen
630 1511 762 1575 pauci
797 1521 944 1563 erant„
983 1512 1085 1574 quia
1122 1521 1300 1556 cunctos
1333 1510 1517 1556 finierat.
1545 1510 1713 1555 Paucos
1746 1507 1835 1553 dies

457 1581 718 1637 laboriosos,
756 1581 1066 1626 tentationibus
1109 1580 1259 1644 plenos
1301 1581 1474 1626 redimis
1492 1618 1502 1637 ,
1527 1590 1576 1625 ut
1617 1577 1834 1624 modicam

457 1662 617 1697 terram
632 1651 813 1707 habeas,
836 1650 882 1696 id
903 1662 980 1707 est,
1002 1651 1164 1697 villam.
1191 1652 1305 1697 Eece
1326 1650 1545 1707 iuimicus,
1567 1650 1643 1713 qui
1661 1660 1700 1695 te
1723 1665 1834 1711 cap-

457 1723 694 1778 tivaverat,
722 1721 831 1767 dicit
866 1721 951 1767 tibi
978 1739 988 1766 :
1022 1720 1250 1784 Quidquid
1284 1721 1421 1767 habes
1456 1720 1511 1767 da
1538 1719 1649 1766 mihi
1676 1737 1686 1764 :
1714 1729 1755 1763 et
1785 1728 1834 1762 ut

458 1793 623 1839 viveres
642 1802 782 1838 totum
806 1791 986 1845 dedisti3
1013 1790 1145 1836 hodie
1171 1790 1438 1854 redemptus,
1463 1808 1556 1836 cras
1574 1787 1829 1841 moriturus3

457 1863 513 1909 ab
542 1863 623 1908 isto
656 1862 935 1926 redemptus,
963 1861 1019 1907 ab
1063 1861 1146 1906 alio
1188 1860 1486 1908 trucidandus.
1526 1862 1638 1906 Ecce
1670 1869 1832 1924 quanta

456 1950 480 1979 a
504 1932 704 1978 barbaris
721 1931 949 1996 patiuntur
966 1930 1163 1976 homiues
1179 1941 1358 1995 propter
1381 1930 1515 1977 vitam
1531 1928 1828 1993 temporalem,

456 2013 499 2048 et
520 2004 640 2066 piget
667 2002 834 2066 aliquid
858 2001 951 2066 pati
974 2018 1055 2064 pro
1088 2000 1178 2047 vita
1202 2012 1375 2048 aeterna.
1410 2000 1622 2046 Erudiant
1644 2016 1720 2045 nos
1751 1999 1832 2044 ista

455 2071 679 2137 pericula,
711 2072 876 2119 fratres
907 2072 1018 2118 Ecce
1060 2080 1198 2116 totum
1228 2070 1409 2127 dedisti,
1455 2081 1496 2117 et
1523 2069 1741 2130 abjecisti3
1790 2079 1832 2114 et

453 2143 612 2204 gaudes
644 2143 745 2207 quia
778 2142 914 2200 vivis,
948 2153 991 2188 et
1014 2142 1100 2188 hoc
1134 2141 1243 2189 dicis
1270 2158 1282 2188 ι
1313 2143 1405 2188 Etsi
1437 2159 1628 2206 pauper,
1667 2140 1827 2196 nudus,

450 2230 593 2275 egens,
621 2213 864 2271 meridiem,
888 2212 1054 2274 gaudeo
1074 2212 1175 2276 quia
1200 2212 1300 2259 vivo
1315 2250 1325 2269 ,
1352 2224 1393 2258 et
1416 2213 1541 2258 istam
1563 2212 1706 2256 lucem
1725 2209 1830 2256 dul-

448 2302 545 2331 cem
557 2302 645 2331 non
672 2284 858 2348 perdidi.
888 2285 1110 2345 Appareat
1147 2283 1372 2334 Christus3
1398 2281 1644 2343 paciscatur
1666 2291 1708 2326 et
1737 2280 1830 2344 ipse

448 2366 595 2402 tecum
624 2371 634 2399 :
665 2370 754 2399 non
777 2352 993 2398 barbarus
1026 2351 1103 2414 qui
1134 2361 1173 2395 te
1203 2350 1521 2413 captivaverat3
1547 2350 1620 2396 sed
1646 2351 1722 2414 qui
1746 2367 1827 2414 pro

449 2436 489 2471 te
512 2433 666 2488 captus
691 2432 776 2479 est,
804 2422 881 2486 qui
900 2439 981 2485 pro
1005 2432 1046 2466 te
1072 2420 1215 2466 occidi
1248 2420 1450 2480 dignatus
1472 2431 1547 2468 est.
1580 2420 1656 2466 llle
1685 2421 1760 2483 qui
1784 2437 1826 2466 se

446 2495 568 2542 dedit
592 2511 673 2558 pro
705 2505 768 2549 te,
793 2492 886 2556 ipse
914 2492 997 2538 tibi
1021 2492 1130 2538 dicit
1152 2510 1161 2536 :
1189 2492 1361 2536 Mecum
1387 2491 1618 2554 paciscere.
1649 2490 1824 2536 Habere

444 2566 508 2612 vis
526 2568 593 2610 te?
621 2564 736 2609 habe
762 2573 804 2608 et
824 2567 913 2623 Lme.
943 2562 1131 2626 Oportet
1151 2572 1199 2607 ut
1230 2561 1368 2607 oderis
1395 2571 1453 2616 te,
1480 2572 1523 2607 et
1547 2560 1701 2621 diligas
1732 2577 1813 2608 me.

447 2637 590 2682 Vitam
624 2646 737 2681 tuam
768 2633 990 2697 perdendo
1015 2633 1201 2680 iuvenies
1216 2670 1225 2678 .
1248 2650 1300 2677 ne
1324 2632 1507 2679 tenendo
1534 2631 1688 2696 perdas
1707 2647 1812 2677 eam.
