1899 3241
5 300 10 522 ἒ

246 331 389 361 samio
425 330 542 371 ecel,
580 331 628 361 IN
667 327 970 361 SOLEMNITATE
1008 329 1066 360 s5.
1109 328 1308 361 MACHAB.
1427 314 1486 360 53

115 395 245 460 pulus
272 396 350 442 Dei
369 396 606 457 flagellatus
624 407 686 442 est
705 407 747 442 et
771 396 984 460 probatus
1008 413 1018 440 z
1046 412 1124 458 per
1141 412 1239 441 eum
1262 396 1332 442 isti
1352 397 1492 443 sancti

108 469 288 525 juvenes
311 467 520 514 coronati.
560 468 672 527 Ergo
710 466 868 512 habuit
890 466 964 511 hic
991 465 1138 510 locum
1171 483 1311 512 suum.
1344 466 1488 512 Malus

113 547 230 590 erat3
256 537 329 583 sed
355 538 465 583 bene
493 537 567 583 illo
596 555 695 583 usus
718 547 804 593 est,
834 536 910 599 qui
932 535 1072 581 malus
1094 553 1179 581 esse
1203 552 1291 582 non
1323 547 1480 599 potest.

115 606 239 652 Sicut
261 607 375 652 enim
399 607 502 652 mali
532 606 728 653 homines
757 606 867 651 male
893 615 1076 651 utuntur
1095 605 1302 651 creaturis
1319 606 1445 651 bonis
1469 625 1480 651 :

114 677 173 722 sic
198 677 377 722 Creator
404 678 546 722 bonus
578 678 688 722 bene
724 676 861 721 utitur
888 676 1141 721 hominibus
1178 676 1312 722 malis.
1356 677 1489 723 Novit

111 746 336 810 quidinde
356 758 470 807 agat,
499 747 574 810 qui
597 758 735 792 totum
761 747 922 792 creavit
945 746 1190 792 humanum
1213 763 1358 807 genus
1386 748 1481 793 Au-

115 816 217 862 rifex
243 828 407 881 portat,
426 818 587 863 aurifex
607 817 836 881 appendit,
861 817 1022 862 aurifex
1038 816 1183 863 librat.
1211 818 1360 862 Pictor
1371 818 1493 864 novit

116 887 192 934 ubi
214 898 351 952 ponat
368 889 542 949 nigrum
561 889 767 943 colorem,
789 898 838 933 ut
856 888 910 933 sit
930 888 1085 934 decora
1104 889 1277 952 pictura
1293 908 1304 942 ;
1320 900 1362 933 et
1378 889 1495 935 Deus

114 958 252 1004 nescit
276 959 355 1004 ubi
390 969 527 1023 ponat
546 970 838 1022 peccatorem,
866 969 915 1004 ut
957 959 1010 1004 sit
1038 959 1237 1004 ordinata
1271 963 1494 1004 ereatura?

115 1029 208 1074 Nisi
234 1030 348 1075 Deus
367 1030 656 1075 anterioribus
679 1030 847 1076 saeculis
872 1042 1056 1076 servaret
1066 1048 1141 1076 sua
1160 1029 1368 1094 patientia
1386 1048 1494 1093 pec-

113 1110 295 1156 catores,
318 1100 433 1146 unde
458 1112 736 1147 nascerentur
760 1101 891 1147 hodie
913 1112 976 1147 tot
993 1101 1167 1147 fideles?
1187 1102 1270 1147 Alii
1288 1101 1390 1146 mali
1409 1119 1494 1147 ser-

113 1180 297 1227 vantur,
332 1170 510 1216 utboni
544 1171 646 1216 inde
669 1183 917 1218 nascautur.
948 1172 1056 1217 Boni
1087 1172 1222 1231 gratia
1248 1172 1327 1216 Dei
1351 1189 1361 1216 ε
1392 1190 1495 1217 nam

113 1250 204 1286 tota
239 1239 446 1286 damnata
467 1251 531 1286 est
554 1258 691 1287 massa
714 1242 899 1305 peccati.
929 1241 1050 1298 Quid
1075 1242 1252 1287 diabolo
1283 1243 1493 1306 nequius?

114 1312 171 1356 Et
188 1310 241 1356 de
262 1310 377 1357 illius
401 1312 594 1375 nequitia
620 1323 786 1375 quanta
809 1313 924 1358 bona
953 1313 1056 1358 fecit
1090 1314 1234 1358 Deus?
1264 1315 1361 1358 Non
1386 1314 1492 1360 fun—

113 1381 287 1428 deretur
308 1399 388 1446 pro
418 1382 554 1428 salute
588 1393 733 1428 nostra
760 1384 931 1443 sanguis
965 1383 1296 1447 Redemptoris,
1316 1384 1397 1430 nisi
1417 1403 1495 1448 per

114 1452 352 1516 nequitiam
390 1453 629 1501 desertoris
662 1455 774 1514 Lege
815 1454 1099 1515 Evangelium
1115 1491 1128 1512 ,
1169 1466 1211 1499 et
1248 1454 1348 1500 vide
1385 1456 1492 1518 quid

113 1523 176 1569 ibi
212 1523 422 1587 scriptum
450 1535 511 1570 est
540 1542 550 1569 :
577 1546 598 1567 (ε
621 1525 806 1570 Immisit
834 1525 1036 1571 diabolus
1066 1526 1111 1572 in
1145 1543 1220 1571 cor
1260 1526 1283 1570 J
1292 1525 1416 1581 udae,
1443 1538 1492 1572 ut

114 1614 135 1634 ³>
157 1593 346 1639 traderet
375 1594 603 1640 Christum
620 1594 653 1641 ¹.
688 1616 707 1635 »
735 1595 875 1641 Malus
905 1595 1131 1652 diabolus,
1160 1596 1296 1641 malus
1320 1596 1343 1639 J
1352 1596 1488 1641 udas:

114 1663 254 1727 qualis
277 1665 545 1724 organarius,
576 1664 656 1710 tale
680 1682 905 1725 organum.
933 1666 1043 1711 Usus
1071 1677 1132 1711 est
1151 1682 1251 1726 ergo
1274 1665 1381 1710 male
1401 1666 1492 1712 dia-

113 1733 240 1780 bolus
257 1751 333 1780 suo
348 1752 445 1782 vase
467 1753 476 1780 ε
502 1753 602 1781 usus
625 1736 917 1782 estambobus
941 1737 1154 1782 Dominus
1178 1738 1299 1782 beno.
1334 1738 1491 1782 (jonati

113 1815 325 1866 suntergo
343 1806 397 1851 ad
422 1818 613 1853 nostram
638 1808 873 1870 perniciem
893 1826 902 1852 z
921 1809 1135 1853 Deushoc
1153 1819 1316 1854 vertere
1341 1807 1491 1867 digna-

114 1887 181 1922 tus
206 1887 268 1922 est
291 1876 345 1922 ad
368 1889 558 1923 nostram
580 1877 776 1925 salutem.

176 1946 229 1994 V.
263 1947 464 1992 Tradidit
492 1948 629 1993 Judas
645 1948 895 2004 Christum,
922 1960 963 1993 et
996 1948 1227 1994 damnatus
1248 1960 1323 1995 est.
1357 1950 1494 1996 Judas

113 2016 317 2071 tradidit,
344 2028 386 2061 et
403 2018 637 2064 damnatur
663 2036 672 2063 :
701 2018 879 2064 tradidit
908 2019 1065 2064 Filium
1088 2021 1234 2071 Pau-r,
1264 2030 1303 2062 et
1330 2020 1489 2078 glorifi-

112 2096 247 2133 catur.
270 2086 488 2142 Tradidit,
503 2088 700 2149 inquam,
722 2089 856 2132 Judas
869 2090 1142 2147 Magistrum,
1163 2099 1204 2133 vt
1222 2088 1483 2135 damnatur:

115 2156 294 2202 tradidit
312 2175 353 2201 se
378 2157 466 2220 ipse
493 2157 647 2208 Filius,
670 2167 712 2202 et
739 2157 952 2204 laudatur.
981 2158 1214 2214 Quomodo
1237 2159 1374 2204 Judas
1398 2171 1489 2205 tra-

112 2227 226 2273 didit
249 2227 494 2284 Christum,
513 2228 873 2274 omnesnovimus
903 2247 912 2274 :
941 2229 1172 2293 expectatis
1197 2230 1387 2275 fortassis
1411 2248 1493 2276 au-

113 2298 203 2343 dire
226 2298 446 2360 quomodo
473 2299 600 2344 Pater
630 2299 809 2344 tradidit
839 2300 1008 2346 Filium.
1036 2301 1091 2344 Et
1118 2300 1202 2344 lio(=
1233 2301 1365 2345 nostis
1389 2319 1398 2345 :
1421 2302 1493 2346 sed

112 2370 481 2426 commemorabo,
508 2381 554 2414 ut
579 2369 878 2416 recordemini.
912 2370 1025 2416 Audi
1056 2371 1310 2433 Apostolum
1337 2371 1491 2416 dicen-

115 2449 197 2484 tem
219 2438 272 2484 de
293 2440 382 2485 Deo
406 2444 528 2486 Patre
552 2458 562 2485 2
585 2462 603 2481 «
626 2439 712 2496 Qui
743 2441 918 2503 proprio
950 2441 1054 2486 vitio
1076 2460 1160 2486 non
1181 2442 1389 2505 pepi-rsit,
1419 2442 1489 2486 scd

113 2529 134 2549 »
155 2527 236 2572 pro
260 2510 385 2555 nobis
409 2511 612 2556 omuibus
634 2510 811 2556 tradidit
831 2511 953 2556 illum
973 2513 1005 2558 ².
1039 2536 1057 2552 υ
1084 2511 1196 2557 Audi
1221 2523 1260 2556 ct
1280 2513 1333 2556 dv
1354 2512 1486 2556 Filio:

114 2600 134 2621 α
162 2580 250 2636 Qui
274 2598 337 2625 me
359 2617 369 2631 ,
395 2581 552 2644 inquit,
582 2581 760 2638 dilexit,
803 2593 843 2626 vt
889 2582 1065 2628 tradidit
1101 2583 1376 2645 semetipsum
1412 2600 1492 2646 pro

163 2665 172 2686 ¹
194 2670 278 2700 Joan
308 2679 384 2711 xm,
405 2681 435 2703 α,
456 2689 491 2694 —-
512 2669 527 2692 2
543 2672 634 2702 Rom.
650 2681 722 2710 vm,
740 2671 793 2703 32.
