1942 3272
454 283 548 338 404
877 296 911 327 s,
955 295 1199 328 Aueus'rmi
1235 295 1437 326 EPISCOPI

451 361 576 408 Unde
592 361 707 407 enim
732 372 842 407 terra
873 361 1213 425 pinguificatur,
1246 361 1327 407 nisi
1349 362 1401 407 de
1433 361 1662 426 putredine
1689 373 1826 410 terre-

451 437 636 480 norum.D
677 433 920 480 Attendunt
948 433 1047 479 haec
1082 435 1159 498 qui
1189 451 1338 494 agrum
1360 434 1540 489 colunt3
1573 445 1614 480 et
1641 436 1717 498 qui
1740 453 1827 482 non

454 505 605 552 colunt
621 544 631 557 ,
659 506 763 569 quia
782 506 827 551 in
850 505 958 550 urbe
981 522 1150 569 semper
1172 507 1347 562 vivunt,
1378 506 1431 551 de
1456 506 1595 552 hortis
1616 518 1728 553 certe
1758 508 1828 554 vi-

452 576 561 622 cinis
579 576 678 621 urbi
693 586 955 636 cognoscant
974 576 1321 640 contemptibilia
1334 593 1517 640 quaeque
1544 588 1829 640 purgamenta

452 647 640 694 civitatis
665 647 826 710 quibus
858 646 1009 692 studiis
1038 658 1282 703 serventur,
1311 665 1332 692 a
1357 648 1518 710 quibus
1540 649 1668 693 etiam
1689 649 1830 712 pretio

454 729 787 782 comparentur,
809 736 895 782 quo
922 729 1165 782 portentur.
1191 720 1316 764 Certe
1334 723 1425 779 jam
1451 720 1795 783 contemptibilia
1815 758 1826 776 ‚

454 790 669 836 exinanita
687 791 805 836 omni
830 790 1016 836 utilitate
1034 828 1044 846 ‚
1068 790 1124 835 ab
1145 789 1375 854 inexpertis
1393 802 1565 854 possent
1583 791 1743 855 putari.
1778 793 1832 837 Et

455 862 551 926 quis
569 861 775 921 dignatur
795 872 956 907 stercus
974 861 1161 907 intueri?
1186 862 1315 918 Quod
1332 862 1489 907 intueri
1510 862 1642 907 homo
1663 862 1828 918 horret,

453 949 620 980 servare
646 943 782 978 curat.
816 931 932 977 Illud
956 949 1054 991 ergo
1079 931 1199 995 quod
1229 943 1537 996 consumptum
1560 936 1651 993 jain
1683 943 1722 979 et
1746 933 1830 978 ab-

447 1008 613 1063 jectum
633 1002 889 1058 videbatur,
909 1002 1021 1048 redit
1039 1004 1085 1048 in
1104 1003 1412 1066 pinguedinem
1432 1014 1557 1048 >terrae
1573 1041 1583 1057 ‚
1610 1003 1828 1067 pinguedo

452 1074 498 1119 in
517 1089 696 1118 succum
714 1109 724 1128 ,
750 1089 905 1117 succus
929 1073 973 1117 in
998 1072 1212 1125 radicem;
1241 1083 1283 1118 et
1306 1073 1423 1136 quod
1448 1073 1501 1118 de
1527 1084 1635 1118 terra
1654 1074 1698 1118 in
1722 1073 1831 1119 radi-

452 1161 546 1190 cem
586 1143 760 1199 transit,
798 1142 1093 1188 invisibilibus
1126 1143 1369 1188 accessibus
1399 1144 1557 1203 migrat
1589 1144 1634 1189 in
1662 1144 1826 1199 robur,

452 1213 730 1261 distribuitur
751 1231 829 1277 per
849 1230 990 1258 ramos
1006 1250 1016 1267 ‚
1040 1231 1062 1258 a
1084 1213 1214 1258 ramis
1231 1214 1276 1258 in
1301 1215 1514 1274 germina,
1542 1232 1563 1259 a
1580 1214 1768 1273 germine
1785 1214 1831 1259 in

451 1285 621 1331 fructus
640 1294 681 1329 et
697 1284 814 1331 folia.
840 1285 952 1329 Ecce
970 1284 1089 1346 quod
1112 1283 1321 1329 horrebas
1344 1285 1389 1330 in
1413 1284 1642 1347 putredine
1668 1295 1804 1330 sterco
1820 1311 1830 1318 -

451 1356 528 1411 ris,
550 1354 598 1399 in
617 1354 785 1400 arboris
808 1354 1095 1400 foecunditate
1113 1364 1154 1398 et
1171 1353 1390 1400 viriditate,
1417 1355 1598 1401 miraris.

517 1431 621 1476 XII.
666 1425 776 1472 Nolo
801 1425 911 1470 mihi
939 1429 1029 1484 jam
1055 1435 1252 1487 opponas
1283 1425 1402 1488 quod
1437 1425 1543 1471 soles
1578 1442 1828 1488 opponere:

453 1501 554 1548 Non
574 1507 719 1545 manet
746 1495 962 1555 integrum
994 1512 1152 1557 corpus
1175 1494 1332 1558 sepulti
1360 1495 1544 1549 mortui3
1567 1513 1667 1540 nam
1686 1496 1718 1540 si
1739 1513 1834 1540 ma-

452 1582 573 1618 neret
588 1608 598 1627 ‚
625 1584 841 1628 resurgere
866 1566 1099 1612 crederem.
1132 1566 1321 1630 sligyptii
1339 1584 1438 1626 ergo
1463 1567 1539 1612 soli
1564 1566 1747 1612 credunt
1763 1583 1835 1611 re-

456 1641 764 1688 surrectionem
783 1676 793 1695 ,
822 1637 924 1701 quia
953 1637 1181 1696 diligenter
1212 1648 1367 1683 curant
1393 1638 1603 1684 cadavera
1637 1648 1834 1683 mortuo-

454 1731 568 1761 rum.
597 1713 763 1757 Morem
779 1709 893 1754 enini
912 1708 1080 1753 habent
1100 1709 1259 1754 siccare
1280 1726 1463 1772 corpora
1480 1747 1489 1764 ‚
1517 1719 1557 1754 et
1577 1709 1699 1772 quasi
1718 1726 1835 1754 aenea.

458 1783 637 1831 reddere
659 1800 669 1827 ε
702 1780 930 1826 Gabbaras
950 1796 997 1824 ea
1017 1790 1188 1825 vocant.
1216 1780 1329 1838 Ergo
1349 1780 1586 1825 seeundum
1608 1780 1708 1825 istos
1723 1816 1733 1836 ‚
1761 1780 1837 1843 qui

459 1864 641 1900 secretos
675 1861 843 1896 naturae
877 1848 993 1894 sinus
1024 1849 1253 1908 ignorant,
1298 1850 1375 1894 ubi
1411 1851 1553 1895 omnia
1590 1849 1705 1895 salva
1739 1859 1839 1895 sunt

461 1922 691 1971 Conditori
707 1959 717 1977 ‚
738 1920 867 1965 etiam
886 1936 985 1964 cum
1009 1918 1265 1964 mortalibus
1286 1921 1480 1965 sensibus
1497 1920 1834 1977 subtrabuntur,

459 1995 539 2041 soli
573 1991 763 2056 AEgyptii
801 1990 909 2034 bene
947 1989 1132 2034 credunt
1170 1990 1524 2036 resurrectionem
1567 2001 1838 2036 mortuorum

463 2080 639 2112 suorum
653 2100 663 2118 ,
690 2061 871 2107 aliorum
889 2077 988 2105 vero
1009 2059 1358 2105 Christianorum
1375 2079 1468 2123 spes
1486 2061 1530 2106 in
1555 2068 1734 2120 an’gusto
1751 2064 1837 2106 est‘?

465 2137 593 2199 Saepe
614 2133 725 2178 enin]
752 2130 817 2177 vel
839 2141 1050 2176 vetustate
1073 2130 1141 2176 vel
1160 2130 1302 2193 aliqua
1330 2148 1416 2176 non
1435 2131 1637 2191 sacrilega
1654 2131 1841 2176 necessi-

464 2217 551 2253 tate
572 2203 731 2268 apertis
755 2201 820 2249 vel
850 2201 1023 2246 nudatis
1047 2201 1257 2264 sepulcris
1273 2239 1282 2251 ,
1317 2202 1492 2247 inventa
1528 2213 1627 2247 suut
1658 2219 1841 2265 corpora

465 2276 681 2342 putruisse
697 2310 707 2328 ‚
731 2283 773 2318 et
795 2271 1056 2336 suspirantes
1081 2282 1336 2331 gemuerunt
1356 2272 1574 2327 homiues,
1599 2273 1674 2337 qui
1706 2273 1843 2319 solent

467 2344 683 2411 corporali
709 2343 850 2407 specie
874 2342 1101 2396 delectari,
1130 2353 1171 2387 et
1195 2342 1394 2388 dixerunt
1416 2344 1463 2388 in
1485 2343 1691 2390 cordibus
1717 2345 1801 2389 suis
1828 2362 1838 2389 z

465 2420 607 2465 Ita-ne
630 2415 706 2461 iste
725 2412 1080 2476 ciniszaliquando
1102 2413 1287 2458 habebit
1304 2412 1421 2458 illam
1438 2414 1622 2477 speciem
1639 2413 1843 2477 pulchri-

468 2488 657 2542 tudinis,
699 2484 903 2531 reddetur
942 2484 1072 2533 vitaer
1108 2483 1313 2529 reddetur
1347 2483 1466 2529 luci?
1504 2484 1692 2540 Quando
1727 2484 1843 2529 istud

468 2561 578 2609 erit?
604 2555 793 2614 Quando
822 2572 898 2615 ego
924 2554 1087 2617 aliquid
1111 2555 1260 2601 vivum
1287 2555 1339 2600 de
1369 2555 1456 2600 hoc
1479 2554 1620 2600 cinere
1648 2558 1842 2619 sperem.D

468 2630 558 2691 Qui
592 2628 679 2675 hoc
710 2625 844 2682 dicis,
874 2624 993 2673 vides
1031 2624 1076 2670 in
1105 2624 1304 2688 sepulcro
1334 2625 1399 2672 vel
1429 2625 1615 2672 cinerem
1641 2643 1652 2671 :
1682 2624 1846 2691 replica
