1894 3236
193 250 335 282 sEtmo
371 248 548 290 CCCXVI,
586 246 635 279 IN
673 248 982 280 SOLEMNITATE
1021 250 1253 284 STEPHANI.
1335 238 1422 286 133

47 317 296 382 Stephanus
307 319 400 376 jam
420 331 613 361 sermone
635 332 712 362 suo
735 316 1032 376 saginavitnos
1059 335 1069 362 ε
1092 319 1166 364 sed
1185 331 1283 382 post
1301 321 1422 368 illam

49 387 238 448 saginam
263 402 439 451 appono
474 385 597 431 vobis
625 385 678 431 de
707 403 899 432 sermone
932 387 1160 433 ministerii
1187 391 1270 435 mei
1300 391 1424 454 quasi

48 458 280 506 secundam
314 475 518 504 mensam.
551 458 608 502 Et
629 457 739 521 quid
772 458 942 504 dulcius
959 458 1133 504 invenio
1155 461 1273 523 quod
1304 462 1349 507 in
1373 480 1422 508 ea

45 546 235 593 ponam,
263 545 397 592 quam
421 526 645 574 Christum
671 538 712 573 et
741 529 978 591 Martyrem
1000 529 1169 591 ipsum!
1202 529 1278 575 llle
1306 532 1420 577 enim

48 599 281 655 Dominus,
312 599 389 644 iste
417 615 561 644 servus
591 616 601 643 ε
629 597 703 644 sed
731 599 978 662 Stephanus
1005 598 1057 644 de
1090 616 1210 645 servo
1235 601 1413 650 amicus.

49 669 136 716 Nos
171 680 315 715 autem
353 669 441 714 sine
474 668 611 715 dubio
646 670 755 715 servi
783 688 793 714 ε
820 669 892 715 ille
924 680 1101 733 praestet
1132 681 1179 716 ut
1212 671 1343 717 simus
1381 684 1423 718 et

49 739 189 786 amici.
227 741 392 784 Tamen
422 739 569 802 quales
607 740 734 785 servi!
773 739 920 797 Tales,
944 741 1019 803 qni
1057 741 1269 804 possimus
1305 742 1422 788 salva

48 809 320 855 conscientiae
335 808 474 854 fronte
495 820 667 855 cantare
685 827 696 854 ι
724 831 744 850 α
765 809 880 855 Mihi
898 821 1041 855 autem
1064 810 1189 856 valde
1205 811 1422 858 honorifi-

49 899 70 920 »
81 880 166 925 cati
183 889 281 924 sunt
291 879 420 924 amici
433 879 512 935 tui,
522 878 672 926 Deus1.
683 901 703 921 n
719 881 960 943 Antequam
976 880 1244 926 occideretur
1253 893 1425 928 sanctus

49 948 297 1012 Stephanus
319 949 364 993 in
387 959 536 1011 aperto
551 986 562 1006 ,
585 960 626 994 et
647 949 692 995 in
711 950 883 996 occulto
907 962 1212 1007 coronaretur,
1246 951 1424 998 audistis

48 1018 186 1082 qualis
217 1018 346 1064 fuerit
379 1018 538 1064 electus
567 1019 624 1065 ab
656 1019 888 1083 Apostolis.
930 1021 1048 1065 Inter
1085 1021 1301 1067 Diaconos
1330 1022 1424 1068 illos

48 1088 297 1135 nominatur
318 1088 514 1152 primus,
549 1089 661 1134 sicut
691 1090 802 1134 inter
838 1089 1066 1153 Apostolos
1105 1091 1272 1139 Petrus.
1309 1093 1422 1153 Ergo

49 1177 147 1206 cum
171 1170 277 1205 esset
295 1159 351 1205 ab
374 1159 589 1223 Apostolis
613 1160 836 1206 ordinatus
855 1198 866 1217 ,
887 1162 933 1206 in
962 1161 1085 1207 brevi
1109 1161 1163 1207 ad
1180 1163 1423 1226 passionem

48 1229 267 1294 praecessit
279 1229 543 1276 ordinatores
562 1246 660 1276 suos
681 1247 690 1275 :
714 1232 771 1276 ab
790 1231 848 1276 cis
869 1241 932 1276 est
949 1231 1188 1288 ordinatus,
1213 1233 1284 1278 sed
1305 1233 1425 1296 prior

49 1312 111 1347 est
129 1311 371 1348 coronatus,
404 1301 524 1357 Quid
544 1318 644 1361 ergo
665 1301 867 1358 audistis,
894 1320 996 1348 cum
1019 1306 1110 1363 ejus
1142 1304 1282 1367 passio
1305 1303 1421 1364 lege-

48 1376 192 1418 retur?
217 1393 236 1413 «
255 1372 503 1436 Stephanus
521 1384 664 1419 autem
682 1372 836 1436 plenus
855 1374 991 1433 gratia
1011 1384 1052 1418 et
1067 1374 1234 1437 Spiritu
1253 1385 1420 1431 sancto,

49 1464 72 1487 »
92 1443 278 1490 faciebat
301 1443 498 1506 prodigia
521 1454 563 1488 et
586 1444 704 1505 signa
728 1461 883 1503 magna
915 1444 958 1489 in
979 1443 1106 1508 plebe
1124 1482 1134 1500 ‚
1154 1462 1232 1508 per
1267 1462 1424 1491 nomen

48 1535 70 1556 »
95 1513 267 1560 Domini
289 1513 391 1559 Jesu
416 1513 581 1559 Christi
598 1514 625 1558 2.
664 1535 684 1554 »
711 1514 941 1573 intelligite
960 1514 1074 1577 quis,
1098 1532 1176 1578 per
1196 1519 1319 1576 cujus
1340 1533 1423 1562 no-

47 1600 159 1631 men.
187 1583 276 1640 Qui
313 1584 446 1629 nostis
476 1601 619 1629 amare
647 1583 946 1647 Stephanum,
985 1583 1031 1630 in
1052 1584 1229 1631 Clu-isto
1265 1598 1417 1634 amate.

49 1654 144 1700 Hoc
175 1653 290 1699 enim
313 1653 426 1710 vult,
454 1653 540 1699 hoc
579 1653 642 1699 illi
679 1665 848 1714 gratum
881 1665 941 1699 est
965 1672 975 1698 :
1003 1654 1104 1700 inde
1127 1655 1308 1716 gaudet,
1339 1657 1424 1702 hoc

48 1734 276 1787 acceptum
303 1723 452 1771 habet.
486 1724 583 1769 'Non
615 1724 731 1769 enim
757 1740 915 1770 nomen
945 1740 1070 1770 suum
1097 1724 1234 1771 voluit
1259 1730 1424 1786 jactare

49 1794 166 1859 apud
203 1794 466 1858 lapidatores
505 1811 616 1841 suos.
664 1794 884 1840 Attendite
928 1811 1058 1858 quem
1100 1797 1421 1852 confitebatur,

47 1864 224 1928 quando
246 1864 554 1928 lapidabatur3
597 1881 725 1928 quem
751 1865 1044 1910 confitebatur
1074 1866 1118 1911 in
1139 1877 1266 1916 terra.
1295 1884 1424 1930 quem

47 1935 227 1983 videbat
253 1935 296 1981 in
327 1935 464 1989 coelo3
503 1952 582 1999 pro
613 1952 700 1998 quo
738 1935 935 1981 tradebat
975 1953 1148 1982 carnem
1175 1954 1293 1983 suam
1312 1976 1322 1991 ‚
1355 1940 1427 1985 cni

49 2005 385 2052 commendabat
416 2005 605 2051 animam
642 2022 777 2052 suam.
816 2005 1042 2068 Numquid
1077 2006 1190 2052 enim
1218 2007 1425 2067 legimus,

52 2075 189 2122 autin
217 2075 415 2121 doctrina
433 2092 534 2121 sana
558 2074 720 2120 alicubi
742 2075 878 2135 legere
898 2091 1142 2138 possumus,
1167 2078 1268 2140 quia
1293 2079 1427 2125 sau-ie-

50 2146 128 2194 bat
144 2157 218 2193 aut
239 2146 344 2192 facit
363 2147 483 2206 signa
506 2146 628 2191 Jesus
647 2163 725 2210 per
749 2164 906 2192 nomen
926 2147 1168 2210 Stephani?
1192 2149 1309 2195 Fecit
1327 2151 1426 2195 Ste-

51 2216 255 2281 phanus,
283 2215 356 2261 sed
392 2232 469 2279 per
505 2233 661 2261 nomen
692 2216 870 2263 Christi.
915 2216 1008 2262 lloc
1049 2217 1147 2263 facit
1184 2229 1225 2263 et
1261 2220 1422 2266 modo:

53 2285 269 2350 quidquid
290 2285 443 2331 videtis
467 2286 568 2348 quia
589 2286 638 2330 sit
660 2303 735 2349 per
753 2287 1003 2332 memoriam
1029 2288 1259 2350 Stephani,
1283 2291 1324 2335 in
1346 2309 1426 2335 no-

50 2357 164 2402 mine
202 2354 367 2401 Christi
406 2356 482 2409 lit3
516 2366 559 2400 ut
599 2354 800 2401 Christus
840 2357 1197 2411 ‹·0mnw.nd‹=mr‚
1227 2360 1426 2405 Christus

0 2442 4 2494 i
53 2426 270 2482 adoretur,
298 2425 499 2471 Christus
524 2437 769 2488 expectetur
787 2426 917 2487 judex
949 2429 1145 2473 vivorum
1171 2440 1211 2472 et
1232 2442 1426 2476 moi-1110-

0 2506 5 2541 Ι
54 2513 176 2553 rum,
207 2506 248 2541 et
278 2496 334 2541 ab
363 2496 421 2541 eis
454 2496 529 2560 qui
569 2496 690 2541 illum
732 2496 920 2558 diligunt
947 2498 1001 2544 ad
1025 2498 1237 2545 dexteram
1271 2511 1420 2550 stetur.

104 2586 216 2622 ¹1’sa1.
236 2596 398 2627 cxxxx-111,
425 2583 567 2630 ‘'fu-²
587 2591 658 2621 Μ...
681 2596 724 2630 „7
746 2589 775 2619 κ.
