<?xml version="1.0" encoding="UTF-8"?>
<!DOCTYPE html PUBLIC "-//W3C//DTD XHTML 1.0 Transitional//EN"
    "http://www.w3.org/TR/xhtml1/DTD/xhtml1-transitional.dtd">
<html xmlns="http://www.w3.org/1999/xhtml" xml:lang="en" lang="en">
 <head>
  <title>
</title>
<meta http-equiv="Content-Type" content="text/html;charset=utf-8" />
  <meta name='ocr-system' content='tesseract 3.04.00' />
  <meta name='ocr-capabilities' content='ocr_page ocr_carea ocr_par ocr_line ocrx_word'/>
</head>
<body>
  <div class='ocr_page' id='page_1' title='image "./operaomniaaccura21auguuoft_0151.png"; bbox 0 0 1894 3236; ppageno 0'>
   <div class='ocr_carea' id='block_1_1' title="bbox 0 2136 11 2499">
    <p class='ocr_par' dir='ltr' id='par_1_1' title="bbox 0 2136 11 2499">
     <span class='ocr_line' id='line_1_1' title="bbox 0 2136 11 2499; textangle 90"><span class='ocrx_word' id='word_1_1' title='bbox 1 2493 11 2499; x_wconf 83' lang='grc' dir='ltr'>ι</span> <span class='ocrx_word' id='word_1_2' title='bbox 3 2412 11 2437; x_wconf 71' lang='lat' dir='ltr'>r-.</span> <span class='ocrx_word' id='word_1_3' title='bbox 3 2340 11 2366; x_wconf 56' lang='lat'><em>‹-·.1</em></span> <span class='ocrx_word' id='word_1_4' title='bbox 0 2189 11 2295; x_wconf 70' lang='grc' dir='ltr'>;-ῐ-;-.-</span> <span class='ocrx_word' id='word_1_5' title='bbox 1 2136 11 2142; x_wconf 81' lang='grc' dir='ltr'>ι</span> 
     </span>
    </p>
   </div>
   <div class='ocr_carea' id='block_1_2' title="bbox 20 3008 34 3236">
    <p class='ocr_par' dir='ltr' id='par_1_2' title="bbox 20 3008 34 3236">
     <span class='ocr_line' id='line_1_2' title="bbox 20 3008 34 3236; textangle 90"><span class='ocrx_word' id='word_1_6' title='bbox 20 3008 34 3236; x_wconf 55' lang='lat'>-——‘—-—</span> 
     </span>
    </p>
   </div>
   <div class='ocr_carea' id='block_1_3' title="bbox 268 226 1482 291">
    <p class='ocr_par' dir='ltr' id='par_1_3' title="bbox 268 226 1482 291">
     <span class='ocr_line' id='line_1_3' title="bbox 268 226 1482 291; baseline 0.001 -17"><span class='ocrx_word' id='word_1_7' title='bbox 268 243 411 275; x_wconf 81' lang='lat' dir='ltr'>SERMO</span> <span class='ocrx_word' id='word_1_8' title='bbox 447 241 621 283; x_wconf 79' lang='lat' dir='ltr'>CCCXVI,</span> <span class='ocrx_word' id='word_1_9' title='bbox 660 241 708 272; x_wconf 89' lang='lat' dir='ltr'>IN</span> <span class='ocrx_word' id='word_1_10' title='bbox 744 241 1046 274; x_wconf 82' lang='lat' dir='ltr'>SOLEMNITATE</span> <span class='ocrx_word' id='word_1_11' title='bbox 1081 242 1315 275; x_wconf 72' lang='lat' dir='ltr'>STEPHANI.</span> <span class='ocrx_word' id='word_1_12' title='bbox 1397 226 1482 291; x_wconf 81' lang='grc'>137</span> 
     </span>
    </p>
   </div>
   <div class='ocr_carea' id='block_1_4' title="bbox 105 313 1489 1576">
    <p class='ocr_par' dir='ltr' id='par_1_4' title="bbox 110 313 1488 1083">
     <span class='ocr_line' id='line_1_4' title="bbox 114 313 1484 381; baseline 0 -19"><span class='ocrx_word' id='word_1_13' title='bbox 114 315 231 381; x_wconf 90' lang='lat' dir='ltr'>quod</span> <span class='ocrx_word' id='word_1_14' title='bbox 247 316 431 361; x_wconf 85' lang='lat' dir='ltr'><strong>libenter</strong></span> <span class='ocrx_word' id='word_1_15' title='bbox 452 313 703 371; x_wconf 80' lang='lat' dir='ltr'>recolimus,</span> <span class='ocrx_word' id='word_1_16' title='bbox 737 314 838 378; x_wconf 87' lang='lat' dir='ltr'>quia</span> <span class='ocrx_word' id='word_1_17' title='bbox 861 319 952 375; x_wconf 83' lang='lat' dir='ltr'>jam</span> <span class='ocrx_word' id='word_1_18' title='bbox 984 314 1166 361; x_wconf 88' lang='lat' dir='ltr'>colimus</span> <span class='ocrx_word' id='word_1_19' title='bbox 1184 352 1195 372; x_wconf 88' lang='lat'>,</span> <span class='ocrx_word' id='word_1_20' title='bbox 1222 315 1329 379; x_wconf 91' lang='lat' dir='ltr'>quid</span> <span class='ocrx_word' id='word_1_21' title='bbox 1353 315 1484 362; x_wconf 72' lang='lat' dir='ltr'>fecit?</span> 
     </span>
     <span class='ocr_line' id='line_1_5' title="bbox 114 385 1488 451; baseline 0 -18"><span class='ocrx_word' id='word_1_22' title='bbox 114 387 297 450; x_wconf 87' lang='lat' dir='ltr'>Accepit</span> <span class='ocrx_word' id='word_1_23' title='bbox 313 385 514 451; x_wconf 84' lang='lat' dir='ltr'>epistolas</span> <span class='ocrx_word' id='word_1_24' title='bbox 529 404 550 431; x_wconf 94' lang='lat' dir='ltr'>a</span> <span class='ocrx_word' id='word_1_25' title='bbox 566 385 876 431; x_wconf 79' lang='lat' dir='ltr'>Sacerdotibus</span> <span class='ocrx_word' id='word_1_26' title='bbox 891 397 933 431; x_wconf 90' lang='lat' dir='ltr'>et</span> <span class='ocrx_word' id='word_1_27' title='bbox 953 386 1135 441; x_wconf 82' lang='lat' dir='ltr'>Scribis,</span> <span class='ocrx_word' id='word_1_28' title='bbox 1156 397 1205 432; x_wconf 91' lang='lat' dir='ltr'>ut</span> <span class='ocrx_word' id='word_1_29' title='bbox 1222 387 1488 450; x_wconf 90' lang='lat' dir='ltr'>ubicumque</span> 
     </span>
     <span class='ocr_line' id='line_1_6' title="bbox 113 455 1486 517; baseline 0 -14"><span class='ocrx_word' id='word_1_30' title='bbox 113 457 326 503; x_wconf 85' lang='lat' dir='ltr'>inveniret</span> <span class='ocrx_word' id='word_1_31' title='bbox 359 457 472 502; x_wconf 85' lang='lat' dir='ltr'>viros</span> <span class='ocrx_word' id='word_1_32' title='bbox 497 456 580 501; x_wconf 74' lang='lat' dir='ltr'>via:</span> <span class='ocrx_word' id='word_1_33' title='bbox 604 456 758 515; x_wconf 85' lang='lat' dir='ltr'>hujus,</span> <span class='ocrx_word' id='word_1_34' title='bbox 781 455 827 502; x_wconf 88' lang='lat' dir='ltr'>id</span> <span class='ocrx_word' id='word_1_35' title='bbox 851 467 912 502; x_wconf 91' lang='lat' dir='ltr'>est</span> <span class='ocrx_word' id='word_1_36' title='bbox 927 494 937 512; x_wconf 92' lang='lat'>,</span> <span class='ocrx_word' id='word_1_37' title='bbox 968 455 1239 501; x_wconf 81' lang='lat' dir='ltr'>Christianos</span> <span class='ocrx_word' id='word_1_38' title='bbox 1256 493 1267 511; x_wconf 89' lang='lat'>,</span> <span class='ocrx_word' id='word_1_39' title='bbox 1295 455 1486 517; x_wconf 86' lang='lat' dir='ltr'>alligatos</span> 
     </span>
     <span class='ocr_line' id='line_1_7' title="bbox 113 525 1488 590; baseline -0.001 -16"><span class='ocrx_word' id='word_1_40' title='bbox 113 527 350 574; x_wconf 87' lang='lat' dir='ltr'>adduceret</span> <span class='ocrx_word' id='word_1_41' title='bbox 367 526 421 572; x_wconf 86' lang='lat' dir='ltr'>ad</span> <span class='ocrx_word' id='word_1_42' title='bbox 438 525 653 590; x_wconf 84' lang='lat' dir='ltr'>supplicia</span> <span class='ocrx_word' id='word_1_43' title='bbox 679 526 888 572; x_wconf 85' lang='lat' dir='ltr'>sumenda</span> <span class='ocrx_word' id='word_1_44' title='bbox 905 525 921 555; x_wconf 78' lang='lat'><strong>1</strong></span> <span class='ocrx_word' id='word_1_45' title='bbox 942 563 953 583; x_wconf 87' lang='lat'>,</span> <span class='ocrx_word' id='word_1_46' title='bbox 975 526 1119 590; x_wconf 86' lang='lat' dir='ltr'>qualia</span> <span class='ocrx_word' id='word_1_47' title='bbox 1129 538 1370 590; x_wconf 82' lang='lat' dir='ltr'>sumpserat</span> <span class='ocrx_word' id='word_1_48' title='bbox 1395 526 1488 572; x_wconf 81' lang='lat' dir='ltr'>Ste-</span> 
     </span>
     <span class='ocr_line' id='line_1_8' title="bbox 111 595 1486 662; baseline -0.001 -19"><span class='ocrx_word' id='word_1_49' title='bbox 111 598 302 662; x_wconf 86' lang='lat' dir='ltr'>phanus.</span> <span class='ocrx_word' id='word_1_50' title='bbox 329 599 381 643; x_wconf 89' lang='lat' dir='ltr'>Et</span> <span class='ocrx_word' id='word_1_51' title='bbox 408 597 541 643; x_wconf 87' lang='lat' dir='ltr'>iratus</span> <span class='ocrx_word' id='word_1_52' title='bbox 560 596 651 642; x_wconf 80' lang='lat' dir='ltr'>ibat</span> <span class='ocrx_word' id='word_1_53' title='bbox 686 596 858 653; x_wconf 77' lang='lat' dir='ltr'>Saulus,</span> <span class='ocrx_word' id='word_1_54' title='bbox 886 596 1127 660; x_wconf 83' lang='lat' dir='ltr'>ibatlupus</span> <span class='ocrx_word' id='word_1_55' title='bbox 1154 595 1208 642; x_wconf 92' lang='lat' dir='ltr'>ad</span> <span class='ocrx_word' id='word_1_56' title='bbox 1233 595 1404 653; x_wconf 86' lang='lat' dir='ltr'>caulas,</span> <span class='ocrx_word' id='word_1_57' title='bbox 1430 595 1486 642; x_wconf 88' lang='lat' dir='ltr'>ad</span> 
     </span>
     <span class='ocr_line' id='line_1_9' title="bbox 111 666 1487 730; baseline 0 -17"><span class='ocrx_word' id='word_1_58' title='bbox 111 685 254 728; x_wconf 89' lang='lat' dir='ltr'>greges</span> <span class='ocrx_word' id='word_1_59' title='bbox 269 667 445 713; x_wconf 87' lang='lat' dir='ltr'>Domini</span> <span class='ocrx_word' id='word_1_60' title='bbox 465 684 477 712; x_wconf 74' lang='lat' dir='ltr'><em>z</em></span> <span class='ocrx_word' id='word_1_61' title='bbox 505 677 552 712; x_wconf 94' lang='lat' dir='ltr'>ut</span> <span class='ocrx_word' id='word_1_62' title='bbox 574 666 753 712; x_wconf 78' lang='lat' dir='ltr'>rabidus</span> <span class='ocrx_word' id='word_1_63' title='bbox 776 666 906 730; x_wconf 87' lang='lat' dir='ltr'>lupus</span> <span class='ocrx_word' id='word_1_64' title='bbox 921 667 1172 727; x_wconf 87' lang='lat' dir='ltr'>sanguinem</span> <span class='ocrx_word' id='word_1_65' title='bbox 1193 667 1383 723; x_wconf 82' lang='lat' dir='ltr'>sitiebat,</span> <span class='ocrx_word' id='word_1_66' title='bbox 1404 683 1487 713; x_wconf 83' lang='lat' dir='ltr'>eae-</span> 
     </span>
     <span class='ocr_line' id='line_1_10' title="bbox 112 736 1482 800; baseline -0.001 -17"><span class='ocrx_word' id='word_1_67' title='bbox 112 737 186 783; x_wconf 88' lang='lat' dir='ltr'>des</span> <span class='ocrx_word' id='word_1_68' title='bbox 209 737 468 794; x_wconf 74' lang='lat' dir='ltr'>anhelabat,</span> <span class='ocrx_word' id='word_1_69' title='bbox 485 737 579 782; x_wconf 84' lang='lat' dir='ltr'>ibat</span> <span class='ocrx_word' id='word_1_70' title='bbox 596 753 672 800; x_wconf 82' lang='lat' dir='ltr'>per</span> <span class='ocrx_word' id='word_1_71' title='bbox 688 737 817 785; x_wconf 56' lang='lat' dir='ltr'>riam.</span> <span class='ocrx_word' id='word_1_72' title='bbox 843 739 898 782; x_wconf 79' lang='lat' dir='ltr'>Et</span> <span class='ocrx_word' id='word_1_73' title='bbox 918 737 988 783; x_wconf 87' lang='lat' dir='ltr'>ille</span> <span class='ocrx_word' id='word_1_74' title='bbox 1009 737 1062 783; x_wconf 89' lang='lat' dir='ltr'>de</span> <span class='ocrx_word' id='word_1_75' title='bbox 1082 753 1276 794; x_wconf 88' lang='lat' dir='ltr'>sursum,</span> <span class='ocrx_word' id='word_1_76' title='bbox 1302 758 1320 778; x_wconf 87' lang='lat'>«</span> <span class='ocrx_word' id='word_1_77' title='bbox 1338 736 1482 795; x_wconf 89' lang='lat' dir='ltr'>Saule,</span> 
     </span>
     <span class='ocr_line' id='line_1_11' title="bbox 111 807 1487 872; baseline 0.001 -19"><span class='ocrx_word' id='word_1_78' title='bbox 111 829 132 850; x_wconf 80' lang='lat'>»</span> <span class='ocrx_word' id='word_1_79' title='bbox 156 808 300 865; x_wconf 80' lang='lat' dir='ltr'>Saule,</span> <span class='ocrx_word' id='word_1_80' title='bbox 324 808 429 871; x_wconf 86' lang='lat' dir='ltr'>quid</span> <span class='ocrx_word' id='word_1_81' title='bbox 455 825 522 853; x_wconf 87' lang='lat' dir='ltr'>me</span> <span class='ocrx_word' id='word_1_82' title='bbox 537 807 865 872; x_wconf 73' lang='lat' dir='ltr'>persequeris2i‘</span> <span class='ocrx_word' id='word_1_83' title='bbox 890 809 1033 872; x_wconf 82' lang='lat' dir='ltr'>Lupe,</span> <span class='ocrx_word' id='word_1_84' title='bbox 1055 807 1175 872; x_wconf 87' lang='lat' dir='ltr'>lupe,</span> <span class='ocrx_word' id='word_1_85' title='bbox 1203 807 1310 871; x_wconf 88' lang='lat' dir='ltr'>quid</span> <span class='ocrx_word' id='word_1_86' title='bbox 1327 825 1487 868; x_wconf 87' lang='lat' dir='ltr'>agnum</span> 
     </span>
     <span class='ocr_line' id='line_1_12' title="bbox 110 877 1480 942; baseline 0.002 -20"><span class='ocrx_word' id='word_1_87' title='bbox 110 878 403 942; x_wconf 57' lang='lat' dir='ltr'>persequeris?</span> <span class='ocrx_word' id='word_1_88' title='bbox 431 878 520 938; x_wconf 86' lang='lat' dir='ltr'>Ego</span> <span class='ocrx_word' id='word_1_89' title='bbox 563 877 738 942; x_wconf 88' lang='lat' dir='ltr'>quando</span> <span class='ocrx_word' id='word_1_90' title='bbox 776 894 871 923; x_wconf 83' lang='lat' dir='ltr'>suin</span> <span class='ocrx_word' id='word_1_91' title='bbox 902 879 1086 936; x_wconf 89' lang='lat' dir='ltr'>occisus,</span> <span class='ocrx_word' id='word_1_92' title='bbox 1118 877 1285 924; x_wconf 86' lang='lat' dir='ltr'>leonem</span> <span class='ocrx_word' id='word_1_93' title='bbox 1324 878 1480 926; x_wconf 85' lang='lat' dir='ltr'>occidi.</span> 
     </span>
     <span class='ocr_line' id='line_1_13' title="bbox 110 948 1480 1014; baseline 0.001 -20"><span class='ocrx_word' id='word_1_94' title='bbox 110 970 130 990; x_wconf 79' lang='lat' dir='ltr'>c&lt;</span> <span class='ocrx_word' id='word_1_95' title='bbox 157 949 275 1006; x_wconf 87' lang='lat' dir='ltr'>Quid</span> <span class='ocrx_word' id='word_1_96' title='bbox 292 967 358 994; x_wconf 87' lang='lat' dir='ltr'>me</span> <span class='ocrx_word' id='word_1_97' title='bbox 373 950 668 1013; x_wconf 58' lang='lat' dir='ltr'>persequeris)</span> <span class='ocrx_word' id='word_1_98' title='bbox 685 971 704 991; x_wconf 72' lang='lat'>&gt;2</span> <span class='ocrx_word' id='word_1_99' title='bbox 729 949 844 994; x_wconf 80' lang='lat' dir='ltr'>Exue</span> <span class='ocrx_word' id='word_1_100' title='bbox 858 959 896 995; x_wconf 85' lang='lat' dir='ltr'>te</span> <span class='ocrx_word' id='word_1_101' title='bbox 918 950 1025 1014; x_wconf 82' lang='lat' dir='ltr'>lupo</span> <span class='ocrx_word' id='word_1_102' title='bbox 1045 967 1055 995; x_wconf 73' lang='grc' dir='ltr'>ι</span> <span class='ocrx_word' id='word_1_103' title='bbox 1079 960 1167 996; x_wconf 90' lang='lat' dir='ltr'>esto</span> <span class='ocrx_word' id='word_1_104' title='bbox 1188 948 1240 995; x_wconf 90' lang='lat' dir='ltr'>de</span> <span class='ocrx_word' id='word_1_105' title='bbox 1254 948 1360 1013; x_wconf 92' lang='lat' dir='ltr'>lupo</span> <span class='ocrx_word' id='word_1_106' title='bbox 1374 949 1480 1007; x_wconf 77' lang='lat' dir='ltr'>oviS,</span> 
     </span>
     <span class='ocr_line' id='line_1_14' title="bbox 110 1018 449 1083; baseline 0.006 -19"><span class='ocrx_word' id='word_1_107' title='bbox 110 1018 164 1064; x_wconf 86' lang='lat' dir='ltr'>de</span> <span class='ocrx_word' id='word_1_108' title='bbox 187 1036 264 1065; x_wconf 73' lang='lat' dir='ltr'>ove</span> <span class='ocrx_word' id='word_1_109' title='bbox 289 1030 449 1083; x_wconf 83' lang='lat' dir='ltr'>pastor.</span> 
     </span>
    </p>

    <p class='ocr_par' dir='ltr' id='par_1_5' title="bbox 105 1089 1489 1576">
     <span class='ocr_line' id='line_1_15' title="bbox 173 1089 1487 1152; baseline 0.001 -16"><span class='ocrx_word' id='word_1_110' title='bbox 173 1090 225 1136; x_wconf 89' lang='lat' dir='ltr'>V.</span> <span class='ocrx_word' id='word_1_111' title='bbox 263 1089 523 1135; x_wconf 82' lang='lat' dir='ltr'>Dulcissima</span> <span class='ocrx_word' id='word_1_112' title='bbox 547 1089 720 1152; x_wconf 84' lang='lat' dir='ltr'>pictura</span> <span class='ocrx_word' id='word_1_113' title='bbox 753 1099 815 1135; x_wconf 85' lang='lat' dir='ltr'>est</span> <span class='ocrx_word' id='word_1_114' title='bbox 848 1089 972 1145; x_wconf 83' lang='lat' dir='ltr'>haec,</span> <span class='ocrx_word' id='word_1_115' title='bbox 1003 1089 1083 1136; x_wconf 85' lang='lat' dir='ltr'>ubi</span> <span class='ocrx_word' id='word_1_116' title='bbox 1108 1090 1262 1138; x_wconf 80' lang='lat' dir='ltr'>videtis</span> <span class='ocrx_word' id='word_1_117' title='bbox 1290 1102 1487 1137; x_wconf 88' lang='lat' dir='ltr'>sanetum</span> 
     </span>
     <span class='ocr_line' id='line_1_16' title="bbox 110 1158 1489 1223; baseline 0.003 -19"><span class='ocrx_word' id='word_1_118' title='bbox 110 1158 386 1223; x_wconf 85' lang='lat' dir='ltr'>Stephanum</span> <span class='ocrx_word' id='word_1_119' title='bbox 411 1158 622 1222; x_wconf 85' lang='lat' dir='ltr'>lapidari,</span> <span class='ocrx_word' id='word_1_120' title='bbox 651 1158 805 1205; x_wconf 71' lang='lat' dir='ltr'>videtis</span> <span class='ocrx_word' id='word_1_121' title='bbox 835 1158 1013 1205; x_wconf 90' lang='lat' dir='ltr'>Saulum</span> <span class='ocrx_word' id='word_1_122' title='bbox 1039 1159 1331 1223; x_wconf 85' lang='lat' dir='ltr'>lapidantium</span> <span class='ocrx_word' id='word_1_123' title='bbox 1353 1162 1489 1208; x_wconf 72' lang='lat' dir='ltr'>vesti-</span> 
     </span>
     <span class='ocr_line' id='line_1_17' title="bbox 107 1227 1485 1293; baseline -0.001 -19"><span class='ocrx_word' id='word_1_124' title='bbox 107 1239 252 1274; x_wconf 86' lang='lat' dir='ltr'>menta</span> <span class='ocrx_word' id='word_1_125' title='bbox 267 1238 520 1275; x_wconf 86' lang='lat' dir='ltr'>servantem.</span> <span class='ocrx_word' id='word_1_126' title='bbox 537 1229 619 1274; x_wconf 91' lang='lat' dir='ltr'>Iste</span> <span class='ocrx_word' id='word_1_127' title='bbox 631 1239 696 1274; x_wconf 88' lang='lat' dir='ltr'>est</span> <span class='ocrx_word' id='word_1_128' title='bbox 716 1227 879 1274; x_wconf 88' lang='lat' dir='ltr'>Paulus</span> <span class='ocrx_word' id='word_1_129' title='bbox 893 1229 1150 1293; x_wconf 86' lang='lat' dir='ltr'>«Apostolus</span> <span class='ocrx_word' id='word_1_130' title='bbox 1165 1230 1485 1288; x_wconf 83' lang='lat' dir='ltr'>ChristiJesu‚»</span> 
     </span>
     <span class='ocr_line' id='line_1_18' title="bbox 107 1299 1487 1350; baseline 0.003 -5"><span class='ocrx_word' id='word_1_131' title='bbox 107 1300 184 1345; x_wconf 89' lang='lat' dir='ltr'>iste</span> <span class='ocrx_word' id='word_1_132' title='bbox 209 1310 271 1345; x_wconf 91' lang='lat' dir='ltr'>est</span> <span class='ocrx_word' id='word_1_133' title='bbox 290 1299 450 1346; x_wconf 79' lang='lat' dir='ltr'>Paulus</span> <span class='ocrx_word' id='word_1_134' title='bbox 473 1320 492 1341; x_wconf 82' lang='lat'>&lt;‹</span> <span class='ocrx_word' id='word_1_135' title='bbox 518 1299 673 1346; x_wconf 86' lang='lat' dir='ltr'>Servus</span> <span class='ocrx_word' id='word_1_136' title='bbox 700 1299 866 1346; x_wconf 83' lang='lat' dir='ltr'>Christi</span> <span class='ocrx_word' id='word_1_137' title='bbox 890 1300 1005 1348; x_wconf 91' lang='lat' dir='ltr'>Jesu.</span> <span class='ocrx_word' id='word_1_138' title='bbox 1031 1322 1052 1343; x_wconf 87' lang='lat'>»</span> <span class='ocrx_word' id='word_1_139' title='bbox 1075 1302 1188 1347; x_wconf 87' lang='lat' dir='ltr'>Bene</span> <span class='ocrx_word' id='word_1_140' title='bbox 1206 1301 1383 1349; x_wconf 89' lang='lat' dir='ltr'>audistis</span> <span class='ocrx_word' id='word_1_141' title='bbox 1405 1319 1487 1350; x_wconf 84' lang='lat' dir='ltr'>vo-</span> 
     </span>
     <span class='ocr_line' id='line_1_19' title="bbox 107 1370 1482 1434; baseline 0.004 -19"><span class='ocrx_word' id='word_1_142' title='bbox 107 1386 199 1415; x_wconf 88' lang='lat' dir='ltr'>cem</span> <span class='ocrx_word' id='word_1_143' title='bbox 226 1388 236 1415; x_wconf 90' lang='lat'><strong>:</strong></span> <span class='ocrx_word' id='word_1_144' title='bbox 260 1391 281 1412; x_wconf 86' lang='lat'>«</span> <span class='ocrx_word' id='word_1_145' title='bbox 307 1370 427 1426; x_wconf 82' lang='lat' dir='ltr'>Quid</span> <span class='ocrx_word' id='word_1_146' title='bbox 457 1388 523 1416; x_wconf 88' lang='lat' dir='ltr'>me</span> <span class='ocrx_word' id='word_1_147' title='bbox 551 1371 847 1434; x_wconf 62' lang='lat' dir='ltr'>persequeris?</span> <span class='ocrx_word' id='word_1_148' title='bbox 866 1393 886 1413; x_wconf 88' lang='lat'>»</span> <span class='ocrx_word' id='word_1_149' title='bbox 919 1370 1088 1418; x_wconf 85' lang='lat' dir='ltr'>Stratus</span> <span class='ocrx_word' id='word_1_150' title='bbox 1112 1389 1179 1428; x_wconf 89' lang='lat' dir='ltr'>es,</span> <span class='ocrx_word' id='word_1_151' title='bbox 1207 1383 1373 1419; x_wconf 90' lang='lat' dir='ltr'>erectus</span> <span class='ocrx_word' id='word_1_152' title='bbox 1404 1390 1446 1419; x_wconf 93' lang='lat' dir='ltr'>es</span> <span class='ocrx_word' id='word_1_153' title='bbox 1471 1392 1482 1420; x_wconf 79' lang='lat' dir='ltr'><em>z</em></span> 
     </span>
     <span class='ocr_line' id='line_1_20' title="bbox 108 1442 1487 1507; baseline 0.003 -21"><span class='ocrx_word' id='word_1_154' title='bbox 108 1451 350 1505; x_wconf 85' lang='lat' dir='ltr'>prostratus</span> <span class='ocrx_word' id='word_1_155' title='bbox 377 1452 653 1505; x_wconf 85' lang='lat' dir='ltr'>persecutor,</span> <span class='ocrx_word' id='word_1_156' title='bbox 690 1453 855 1488; x_wconf 86' lang='lat' dir='ltr'>erectus</span> <span class='ocrx_word' id='word_1_157' title='bbox 888 1442 1166 1507; x_wconf 73' lang='lat' dir='ltr'>praedicator.</span> <span class='ocrx_word' id='word_1_158' title='bbox 1204 1444 1309 1501; x_wconf 85' lang='lat' dir='ltr'>Dic,</span> <span class='ocrx_word' id='word_1_159' title='bbox 1338 1444 1487 1490; x_wconf 89' lang='lat' dir='ltr'>audia-</span> 
     </span>
     <span class='ocr_line' id='line_1_21' title="bbox 105 1512 1484 1576; baseline 0.003 -19"><span class='ocrx_word' id='word_1_160' title='bbox 105 1529 202 1558; x_wconf 86' lang='lat' dir='ltr'>mus</span> <span class='ocrx_word' id='word_1_161' title='bbox 221 1529 232 1558; x_wconf 91' lang='lat'><strong>:</strong></span> <span class='ocrx_word' id='word_1_162' title='bbox 256 1532 276 1553; x_wconf 87' lang='lat'>«</span> <span class='ocrx_word' id='word_1_163' title='bbox 295 1512 456 1558; x_wconf 88' lang='lat' dir='ltr'>Paulus</span> <span class='ocrx_word' id='word_1_164' title='bbox 475 1530 621 1559; x_wconf 77' lang='lat' dir='ltr'>servus</span> <span class='ocrx_word' id='word_1_165' title='bbox 637 1513 801 1559; x_wconf 85' lang='lat' dir='ltr'>Christi</span> <span class='ocrx_word' id='word_1_166' title='bbox 814 1514 837 1558; x_wconf 77' lang='lat' dir='ltr'>J</span> <span class='ocrx_word' id='word_1_167' title='bbox 843 1530 934 1570; x_wconf 84' lang='lat' dir='ltr'>esu,</span> <span class='ocrx_word' id='word_1_168' title='bbox 954 1530 1032 1576; x_wconf 88' lang='lat' dir='ltr'>per</span> <span class='ocrx_word' id='word_1_169' title='bbox 1044 1513 1310 1560; x_wconf 68' lang='lat' dir='ltr'>voluntatem</span> <span class='ocrx_word' id='word_1_170' title='bbox 1326 1514 1448 1562; x_wconf 80' lang='lat' dir='ltr'>Dei³.</span> <span class='ocrx_word' id='word_1_171' title='bbox 1464 1537 1484 1557; x_wconf 89' lang='lat'>»</span> 
     </span>
    </p>
   </div>
   <div class='ocr_carea' id='block_1_5' title="bbox 91 1582 1485 1646">
    <p class='ocr_par' dir='ltr' id='par_1_6' title="bbox 91 1582 1485 1646">
     <span class='ocr_line' id='line_1_22' title="bbox 91 1582 1485 1646; baseline 0.001 -17"><span class='ocrx_word' id='word_1_172' title='bbox 91 1582 332 1646; x_wconf 83' lang='lat' dir='ltr'>Numquid</span> <span class='ocrx_word' id='word_1_173' title='bbox 356 1600 432 1646; x_wconf 90' lang='lat' dir='ltr'>per</span> <span class='ocrx_word' id='word_1_174' title='bbox 450 1583 718 1629; x_wconf 65' lang='lat' dir='ltr'>voluntatem</span> <span class='ocrx_word' id='word_1_175' title='bbox 739 1594 876 1634; x_wconf 77' lang='lat' dir='ltr'>tuam,</span> <span class='ocrx_word' id='word_1_176' title='bbox 900 1600 925 1629; x_wconf 92' lang='lat' dir='ltr'>o</span> <span class='ocrx_word' id='word_1_177' title='bbox 947 1584 1102 1630; x_wconf 65' lang='lat' dir='ltr'>Saule?</span> <span class='ocrx_word' id='word_1_178' title='bbox 1126 1585 1209 1630; x_wconf 85' lang='lat' dir='ltr'>Per</span> <span class='ocrx_word' id='word_1_179' title='bbox 1220 1584 1485 1632; x_wconf 85' lang='lat' dir='ltr'>voluntatem</span> 
     </span>
    </p>
   </div>
   <div class='ocr_carea' id='block_1_6' title="bbox 97 1653 1487 2618">
    <p class='ocr_par' dir='ltr' id='par_1_7' title="bbox 97 1653 1487 2618">
     <span class='ocr_line' id='line_1_23' title="bbox 107 1653 1487 1720; baseline 0.004 -22"><span class='ocrx_word' id='word_1_180' title='bbox 107 1664 224 1699; x_wconf 87' lang='lat' dir='ltr'>tuam</span> <span class='ocrx_word' id='word_1_181' title='bbox 246 1653 422 1710; x_wconf 86' lang='lat' dir='ltr'>scimus,</span> <span class='ocrx_word' id='word_1_182' title='bbox 443 1654 631 1700; x_wconf 85' lang='lat' dir='ltr'>vidimus</span> <span class='ocrx_word' id='word_1_183' title='bbox 653 1653 930 1701; x_wconf 82' lang='lat' dir='ltr'>fructustuos</span> <span class='ocrx_word' id='word_1_184' title='bbox 952 1672 962 1699; x_wconf 75' lang='grc' dir='ltr'>ε</span> <span class='ocrx_word' id='word_1_185' title='bbox 984 1655 1149 1701; x_wconf 90' lang='lat' dir='ltr'>occisus</span> <span class='ocrx_word' id='word_1_186' title='bbox 1161 1666 1221 1700; x_wconf 91' lang='lat' dir='ltr'>est</span> <span class='ocrx_word' id='word_1_187' title='bbox 1239 1656 1487 1720; x_wconf 86' lang='lat' dir='ltr'>Stephanus</span> 
     </span>
     <span class='ocr_line' id='line_1_24' title="bbox 103 1724 1483 1789; baseline 0.001 -19"><span class='ocrx_word' id='word_1_188' title='bbox 103 1742 181 1789; x_wconf 89' lang='lat' dir='ltr'>per</span> <span class='ocrx_word' id='word_1_189' title='bbox 220 1724 489 1771; x_wconf 86' lang='lat' dir='ltr'>voluntatem</span> <span class='ocrx_word' id='word_1_190' title='bbox 532 1736 664 1772; x_wconf 88' lang='lat' dir='ltr'>tuam.</span> <span class='ocrx_word' id='word_1_191' title='bbox 712 1726 796 1772; x_wconf 86' lang='lat' dir='ltr'>Per</span> <span class='ocrx_word' id='word_1_192' title='bbox 842 1725 1110 1771; x_wconf 80' lang='lat' dir='ltr'>voluntatem</span> <span class='ocrx_word' id='word_1_193' title='bbox 1149 1726 1250 1782; x_wconf 85' lang='lat' dir='ltr'>Dei,</span> <span class='ocrx_word' id='word_1_194' title='bbox 1285 1726 1483 1773; x_wconf 88' lang='lat' dir='ltr'>videmus</span> 
     </span>
     <span class='ocr_line' id='line_1_25' title="bbox 101 1795 1480 1860; baseline 0.002 -20"><span class='ocrx_word' id='word_1_195' title='bbox 101 1795 268 1841; x_wconf 85' lang='lat' dir='ltr'>fruetus</span> <span class='ocrx_word' id='word_1_196' title='bbox 292 1805 386 1841; x_wconf 89' lang='lat' dir='ltr'>tuos</span> <span class='ocrx_word' id='word_1_197' title='bbox 413 1813 423 1840; x_wconf 74' lang='lat' dir='ltr'>t</span> <span class='ocrx_word' id='word_1_198' title='bbox 449 1795 611 1859; x_wconf 84' lang='lat' dir='ltr'>ubique</span> <span class='ocrx_word' id='word_1_199' title='bbox 631 1795 798 1856; x_wconf 82' lang='lat' dir='ltr'>legeris,</span> <span class='ocrx_word' id='word_1_200' title='bbox 822 1796 985 1859; x_wconf 82' lang='lat' dir='ltr'>ubique</span> <span class='ocrx_word' id='word_1_201' title='bbox 1006 1796 1214 1852; x_wconf 86' lang='lat' dir='ltr'>recitaris,</span> <span class='ocrx_word' id='word_1_202' title='bbox 1244 1796 1408 1860; x_wconf 87' lang='lat' dir='ltr'>ubique</span> <span class='ocrx_word' id='word_1_203' title='bbox 1426 1797 1480 1844; x_wconf 89' lang='lat' dir='ltr'>ad</span> 
     </span>
     <span class='ocr_line' id='line_1_26' title="bbox 103 1865 1483 1931; baseline 0.003 -21"><span class='ocrx_word' id='word_1_204' title='bbox 103 1865 329 1912; x_wconf 85' lang='lat' dir='ltr'>Christum</span> <span class='ocrx_word' id='word_1_205' title='bbox 367 1865 637 1912; x_wconf 79' lang='lat' dir='ltr'>adversantia</span> <span class='ocrx_word' id='word_1_206' title='bbox 681 1866 813 1913; x_wconf 82' lang='lat' dir='ltr'>eorda</span> <span class='ocrx_word' id='word_1_207' title='bbox 851 1867 1095 1922; x_wconf 83' lang='lat' dir='ltr'>convertis,</span> <span class='ocrx_word' id='word_1_208' title='bbox 1139 1866 1303 1930; x_wconf 89' lang='lat' dir='ltr'>ubique</span> <span class='ocrx_word' id='word_1_209' title='bbox 1334 1878 1483 1931; x_wconf 88' lang='lat' dir='ltr'>pastor</span> 
     </span>
     <span class='ocr_line' id='line_1_27' title="bbox 101 1935 1474 2000; baseline 0.001 -19"><span class='ocrx_word' id='word_1_210' title='bbox 101 1935 247 1982; x_wconf 83' lang='lat' dir='ltr'>honus</span> <span class='ocrx_word' id='word_1_211' title='bbox 273 1953 449 1996; x_wconf 86' lang='lat' dir='ltr'>magnos</span> <span class='ocrx_word' id='word_1_212' title='bbox 472 1953 617 1997; x_wconf 80' lang='lat' dir='ltr'>greges</span> <span class='ocrx_word' id='word_1_213' title='bbox 652 1937 831 1996; x_wconf 86' lang='lat' dir='ltr'>colligis.</span> <span class='ocrx_word' id='word_1_214' title='bbox 871 1938 984 1982; x_wconf 87' lang='lat' dir='ltr'>Cum</span> <span class='ocrx_word' id='word_1_215' title='bbox 1016 1954 1064 1982; x_wconf 86' lang='lat' dir='ltr'>eo</span> <span class='ocrx_word' id='word_1_216' title='bbox 1093 1954 1221 1999; x_wconf 88' lang='lat' dir='ltr'>quem</span> <span class='ocrx_word' id='word_1_217' title='bbox 1245 1937 1474 2000; x_wconf 82' lang='lat' dir='ltr'>lapidasti,</span> 
     </span>
     <span class='ocr_line' id='line_1_28' title="bbox 101 2005 1475 2065; baseline 0.003 -14"><span class='ocrx_word' id='word_1_218' title='bbox 101 2023 201 2051; x_wconf 82' lang='lat' dir='ltr'>curn</span> <span class='ocrx_word' id='word_1_219' title='bbox 227 2005 403 2051; x_wconf 82' lang='lat' dir='ltr'>Christo</span> <span class='ocrx_word' id='word_1_220' title='bbox 427 2022 590 2065; x_wconf 83' lang='lat' dir='ltr'>regnas.</span> <span class='ocrx_word' id='word_1_221' title='bbox 625 2007 769 2053; x_wconf 84' lang='lat' dir='ltr'>Ambo</span> <span class='ocrx_word' id='word_1_222' title='bbox 799 2006 860 2052; x_wconf 84' lang='lat' dir='ltr'>ibi</span> <span class='ocrx_word' id='word_1_223' title='bbox 889 2023 965 2052; x_wconf 84' lang='lat' dir='ltr'>vos</span> <span class='ocrx_word' id='word_1_224' title='bbox 991 2007 1166 2059; x_wconf 85' lang='lat' dir='ltr'>videtis;</span> <span class='ocrx_word' id='word_1_225' title='bbox 1195 2007 1324 2052; x_wconf 86' lang='lat' dir='ltr'>ambo</span> <span class='ocrx_word' id='word_1_226' title='bbox 1345 2007 1475 2055; x_wconf 89' lang='lat' dir='ltr'>modo</span> 
     </span>
     <span class='ocr_line' id='line_1_29' title="bbox 99 2077 1476 2140; baseline 0.002 -18"><span class='ocrx_word' id='word_1_227' title='bbox 99 2093 335 2122; x_wconf 87' lang='lat' dir='ltr'>sermonem</span> <span class='ocrx_word' id='word_1_228' title='bbox 359 2087 551 2122; x_wconf 84' lang='lat' dir='ltr'>nostrum</span> <span class='ocrx_word' id='word_1_229' title='bbox 573 2077 755 2131; x_wconf 88' lang='lat' dir='ltr'>auditis;</span> <span class='ocrx_word' id='word_1_230' title='bbox 780 2077 910 2122; x_wconf 84' lang='lat' dir='ltr'>ambo</span> <span class='ocrx_word' id='word_1_231' title='bbox 934 2095 1013 2140; x_wconf 85' lang='lat' dir='ltr'>pro</span> <span class='ocrx_word' id='word_1_232' title='bbox 1045 2078 1170 2123; x_wconf 85' lang='lat' dir='ltr'>nohis</span> <span class='ocrx_word' id='word_1_233' title='bbox 1202 2089 1333 2125; x_wconf 85' lang='lat' dir='ltr'>orate.</span> <span class='ocrx_word' id='word_1_234' title='bbox 1368 2081 1476 2125; x_wconf 85' lang='lat' dir='ltr'>Am-</span> 
     </span>
     <span class='ocr_line' id='line_1_30' title="bbox 98 2147 1474 2212; baseline 0.002 -19"><span class='ocrx_word' id='word_1_235' title='bbox 98 2147 177 2193; x_wconf 78' lang='lat' dir='ltr'>hos</span> <span class='ocrx_word' id='word_1_236' title='bbox 191 2164 264 2193; x_wconf 83' lang='lat' dir='ltr'>vos</span> <span class='ocrx_word' id='word_1_237' title='bbox 283 2147 497 2201; x_wconf 80' lang='lat' dir='ltr'>exaudiet,</span> <span class='ocrx_word' id='word_1_238' title='bbox 521 2148 596 2212; x_wconf 88' lang='lat' dir='ltr'>qui</span> <span class='ocrx_word' id='word_1_239' title='bbox 621 2164 694 2194; x_wconf 84' lang='lat' dir='ltr'>vos</span> <span class='ocrx_word' id='word_1_240' title='bbox 713 2148 953 2203; x_wconf 80' lang='lat' dir='ltr'>coronavit,</span> <span class='ocrx_word' id='word_1_241' title='bbox 980 2164 1114 2193; x_wconf 90' lang='lat' dir='ltr'>unum</span> <span class='ocrx_word' id='word_1_242' title='bbox 1136 2148 1270 2212; x_wconf 80' lang='lat' dir='ltr'>prius.</span> <span class='ocrx_word' id='word_1_243' title='bbox 1293 2149 1474 2196; x_wconf 83' lang='lat' dir='ltr'>alterum</span> 
     </span>
     <span class='ocr_line' id='line_1_31' title="bbox 99 2219 1474 2281; baseline 0.003 -19"><span class='ocrx_word' id='word_1_244' title='bbox 99 2227 282 2281; x_wconf 88' lang='lat' dir='ltr'>postea:</span> <span class='ocrx_word' id='word_1_245' title='bbox 312 2234 447 2262; x_wconf 84' lang='grc' dir='ltr'>ιιιιιιιιι</span> <span class='ocrx_word' id='word_1_246' title='bbox 482 2219 559 2281; x_wconf 87' lang='lat' dir='ltr'>qui</span> <span class='ocrx_word' id='word_1_247' title='bbox 600 2219 940 2281; x_wconf 82' lang='lat' dir='ltr'>persecutionem</span> <span class='ocrx_word' id='word_1_248' title='bbox 978 2235 1125 2281; x_wconf 81' lang='lat' dir='ltr'>passus</span> <span class='ocrx_word' id='word_1_249' title='bbox 1165 2229 1250 2273; x_wconf 85' lang='lat' dir='ltr'>est,</span> <span class='ocrx_word' id='word_1_250' title='bbox 1292 2220 1474 2267; x_wconf 86' lang='lat' dir='ltr'>alterum</span> 
     </span>
     <span class='ocr_line' id='line_1_32' title="bbox 99 2287 1474 2355; baseline 0.004 -23"><span class='ocrx_word' id='word_1_251' title='bbox 99 2288 173 2351; x_wconf 85' lang='lat' dir='ltr'>qui</span> <span class='ocrx_word' id='word_1_252' title='bbox 198 2298 447 2351; x_wconf 86' lang='lat' dir='ltr'>persecutus</span> <span class='ocrx_word' id='word_1_253' title='bbox 464 2298 539 2334; x_wconf 86' lang='lat' dir='ltr'>est.</span> <span class='ocrx_word' id='word_1_254' title='bbox 578 2287 651 2332; x_wconf 78' lang='lat' dir='ltr'>tlte</span> <span class='ocrx_word' id='word_1_255' title='bbox 678 2298 782 2334; x_wconf 84' lang='lat' dir='ltr'>tunc</span> <span class='ocrx_word' id='word_1_256' title='bbox 801 2305 936 2348; x_wconf 88' lang='lat' dir='ltr'>agnus</span> <span class='ocrx_word' id='word_1_257' title='bbox 953 2299 1060 2337; x_wconf 78' lang='lat' dir='ltr'>erat.</span> <span class='ocrx_word' id='word_1_258' title='bbox 1085 2288 1153 2334; x_wconf 87' lang='lat' dir='ltr'>ille</span> <span class='ocrx_word' id='word_1_259' title='bbox 1175 2300 1318 2335; x_wconf 83' lang='lat' dir='ltr'>autem</span> <span class='ocrx_word' id='word_1_260' title='bbox 1346 2291 1474 2355; x_wconf 87' lang='lat' dir='ltr'>lupus</span> 
     </span>
     <span class='ocr_line' id='line_1_33' title="bbox 97 2357 1468 2418; baseline 0.001 -13"><span class='ocrx_word' id='word_1_261' title='bbox 97 2369 188 2405; x_wconf 85' lang='lat' dir='ltr'>erat</span> <span class='ocrx_word' id='word_1_262' title='bbox 216 2376 226 2404; x_wconf 92' lang='lat'><strong>:</strong></span> <span class='ocrx_word' id='word_1_263' title='bbox 250 2357 379 2403; x_wconf 86' lang='lat' dir='ltr'>modo</span> <span class='ocrx_word' id='word_1_264' title='bbox 410 2369 550 2403; x_wconf 87' lang='lat' dir='ltr'>autem</span> <span class='ocrx_word' id='word_1_265' title='bbox 572 2359 702 2404; x_wconf 78' lang='lat' dir='ltr'>ambo</span> <span class='ocrx_word' id='word_1_266' title='bbox 721 2359 817 2417; x_wconf 84' lang='lat' dir='ltr'>agui</span> <span class='ocrx_word' id='word_1_267' title='bbox 842 2369 954 2404; x_wconf 74' lang='lat' dir='ltr'>sunt.</span> <span class='ocrx_word' id='word_1_268' title='bbox 986 2359 1091 2417; x_wconf 76' lang='lat' dir='ltr'>Agni</span> <span class='ocrx_word' id='word_1_269' title='bbox 1120 2372 1346 2418; x_wconf 73' lang='lat' dir='ltr'>agnoscant</span> <span class='ocrx_word' id='word_1_270' title='bbox 1375 2379 1468 2414; x_wconf 80' lang='lat' dir='ltr'>nos,</span> 
     </span>
     <span class='ocr_line' id='line_1_34' title="bbox 97 2429 1471 2489; baseline 0.001 -13"><span class='ocrx_word' id='word_1_271' title='bbox 97 2440 139 2476; x_wconf 90' lang='lat' dir='ltr'>et</span> <span class='ocrx_word' id='word_1_272' title='bbox 163 2430 207 2476; x_wconf 92' lang='lat' dir='ltr'>in</span> <span class='ocrx_word' id='word_1_273' title='bbox 232 2446 355 2489; x_wconf 79' lang='lat' dir='ltr'>grege</span> <span class='ocrx_word' id='word_1_274' title='bbox 391 2429 553 2474; x_wconf 81' lang='lat' dir='ltr'>Christi</span> <span class='ocrx_word' id='word_1_275' title='bbox 592 2430 765 2475; x_wconf 56' lang='lat' dir='ltr'>rideant</span> <span class='ocrx_word' id='word_1_276' title='bbox 800 2447 873 2475; x_wconf 75' lang='lat' dir='ltr'>nos</span> <span class='ocrx_word' id='word_1_277' title='bbox 897 2447 906 2474; x_wconf 92' lang='lat'><strong>:</strong></span> <span class='ocrx_word' id='word_1_278' title='bbox 934 2430 1202 2474; x_wconf 75' lang='lat' dir='ltr'>orationihus</span> <span class='ocrx_word' id='word_1_279' title='bbox 1226 2432 1311 2476; x_wconf 88' lang='lat' dir='ltr'>suis</span> <span class='ocrx_word' id='word_1_280' title='bbox 1347 2450 1471 2478; x_wconf 71' lang='lat' dir='ltr'>vom-</span> 
     </span>
     <span class='ocr_line' id='line_1_35' title="bbox 97 2499 1468 2564; baseline 0.001 -16"><span class='ocrx_word' id='word_1_281' title='bbox 97 2500 298 2548; x_wconf 84' lang='lat' dir='ltr'>mcndent</span> <span class='ocrx_word' id='word_1_282' title='bbox 325 2516 417 2555; x_wconf 85' lang='lat' dir='ltr'>nos,</span> <span class='ocrx_word' id='word_1_283' title='bbox 442 2510 482 2545; x_wconf 82' lang='lat' dir='ltr'>ut</span> <span class='ocrx_word' id='word_1_284' title='bbox 513 2500 757 2563; x_wconf 79' lang='lat' dir='ltr'>quietamet</span> <span class='ocrx_word' id='word_1_285' title='bbox 787 2499 1061 2563; x_wconf 77' lang='lat' dir='ltr'>tranquillam</span> <span class='ocrx_word' id='word_1_286' title='bbox 1082 2500 1212 2546; x_wconf 81' lang='lat' dir='ltr'>vitam</span> <span class='ocrx_word' id='word_1_287' title='bbox 1238 2501 1468 2564; x_wconf 80' lang='lat' dir='ltr'>impetrent</span> 
     </span>
     <span class='ocr_line' id='line_1_36' title="bbox 99 2571 606 2618; baseline 0 -1"><span class='ocrx_word' id='word_1_288' title='bbox 99 2571 301 2618; x_wconf 72' lang='lat' dir='ltr'>Ecclesia·</span> <span class='ocrx_word' id='word_1_289' title='bbox 328 2571 504 2617; x_wconf 87' lang='lat' dir='ltr'>Domini</span> <span class='ocrx_word' id='word_1_290' title='bbox 528 2571 606 2618; x_wconf 87' lang='lat' dir='ltr'>sui.</span> 
     </span>
    </p>
   </div>
   <div class='ocr_carea' id='block_1_7' title="bbox 97 2660 1240 2711">
    <p class='ocr_par' dir='ltr' id='par_1_8' title="bbox 97 2660 1240 2712">
     <span class='ocr_line' id='line_1_37' title="bbox 97 2660 1240 2711; baseline 0.002 -17"><span class='ocrx_word' id='word_1_291' title='bbox 97 2697 105 2709; x_wconf 30' lang='grc' dir='ltr'><strong>Α</strong></span> <span class='ocrx_word' id='word_1_292' title='bbox 146 2662 247 2698; x_wconf 50' lang='lat' dir='ltr'>litet.</span> <span class='ocrx_word' id='word_1_293' title='bbox 266 2672 311 2701; x_wconf 72' lang='lat' dir='ltr'>ix,</span> <span class='ocrx_word' id='word_1_294' title='bbox 339 2674 367 2697; x_wconf 85' lang='lat'>1.</span> <span class='ocrx_word' id='word_1_295' title='bbox 385 2679 429 2687; x_wconf 85' lang='lat'>—-</span> <span class='ocrx_word' id='word_1_296' title='bbox 447 2660 461 2684; x_wconf 78' lang='lat'>&#39;²</span> <span class='ocrx_word' id='word_1_297' title='bbox 479 2661 563 2711; x_wconf 63' lang='lat' dir='ltr'>thid.</span> <span class='ocrx_word' id='word_1_298' title='bbox 587 2668 614 2699; x_wconf 64' lang='lat' dir='ltr'>f..</span> <span class='ocrx_word' id='word_1_299' title='bbox 630 2661 706 2712; x_wconf 69' lang='lat'>—2{</span> <span class='ocrx_word' id='word_1_300' title='bbox 733 2666 826 2709; x_wconf 51' lang='lat' dir='ltr'>ltoug.</span> <span class='ocrx_word' id='word_1_301' title='bbox 853 2673 877 2709; x_wconf 83' lang='lat'>1,</span> <span class='ocrx_word' id='word_1_302' title='bbox 896 2668 972 2709; x_wconf 72' lang='lat'>011,</span> <span class='ocrx_word' id='word_1_303' title='bbox 996 2667 1024 2711; x_wconf 71' lang='lat' dir='ltr'>et</span> <span class='ocrx_word' id='word_1_304' title='bbox 1049 2674 1060 2696; x_wconf 80' lang='grc' dir='ltr'>ι</span> <span class='ocrx_word' id='word_1_305' title='bbox 1087 2663 1189 2711; x_wconf 55' lang='lat' dir='ltr'>gom,</span> <span class='ocrx_word' id='word_1_306' title='bbox 1209 2673 1240 2696; x_wconf 72' lang='grc' dir='ltr'>α.</span> 
     </span>
    </p>
   </div>
  </div>
 </body>
</html>
