1863 3246
407 295 550 326 smum
586 295 786 336 cccnxrv,
823 295 878 325 DE
915 295 1131 324 SAMSONE.
1365 280 1457 337 463

80 370 222 415 catur,
248 359 478 408 illuditur?
508 359 691 418 Evigila,
719 358 870 415 fides1‚
899 358 1070 404 attende
1094 359 1201 422 quid
1224 360 1278 405 sit
1303 360 1458 408 Chris-

80 442 176 486 tus,
218 447 304 476 non
346 430 485 475 solum
518 429 625 491 quid
660 429 787 485 fecit,
825 429 897 474 sed
930 429 1058 474 etiam
1096 429 1201 491 quid
1227 447 1376 492 pas>us
1401 442 1462 477 est

83 500 296 546 Christus,
336 498 456 555 Quid
494 498 631 544 fecit?
672 499 889 562 Operatus
921 509 1010 554 est,
1042 509 1089 543 ut
1125 498 1245 544 fortis
1273 517 1282 543 :
1310 518 1459 563 passus

81 581 144 617 est
165 608 176 627 ,
208 581 257 616 ut
281 570 495 616 infirmus.
528 571 580 613 ln
603 586 689 614 uno
712 569 904 629 intelligo
934 580 1179 632 utrumque.
1208 570 1343 616 Video
1366 574 1459 617 for-

81 641 311 687 titudinem
336 640 429 686 Filii
454 639 526 684 Dei
546 677 557 695 ,
580 639 705 684 video
725 640 1019 685 infirmitatem
1043 639 1119 684 lilii
1150 640 1351 688 hominis.
1382 645 1461 688 Ac-

83 712 199 758 cedit
222 722 263 756 et
288 710 425 761 aliud,
449 711 549 774 quia
576 710 776 755 Christus
803 722 934 766 totus,
958 710 1177 773 quomodo
1200 728 1295 756 eum
1317 713 1463 776 Scrip-

84 793 180 828 tura
201 780 495 835 commendat,
524 790 565 826 et
589 791 723 843 caput
742 778 955 843 etsorjaus
971 790 1046 826 est,
1074 801 1091 820 α
1121 780 1243 826 Sicut
1266 781 1463 828 Ecclesiae

85 875 105 896 >)
126 863 260 917 caput
289 862 351 897 est
377 851 600 905 Christus,
631 853 691 895 ita
719 851 882 895 (Iliristi
904 867 1063 913 corpus
1092 850 1281 896 Ecclesia
1306 854 1413 899 est2.
1441 875 1462 895 ›>

85 926 141 970 Et
169 924 257 970 sola
281 922 457 986 quidem
483 933 530 967 ut
563 939 647 967 non
671 922 748 977 sit,
779 939 879 967 cum
901 922 1044 984 capite
1068 939 1144 967 suo
1171 933 1282 968 totus
1306 923 1462 969 Chris-

85 1005 153 1040 tus
177 1004 252 1040 est.
279 993 423 1038 Habet
445 1010 544 1051 ergo
573 991 759 1037 Ecclesia
783 992 827 1037 in
845 1010 886 1036 se
911 992 1060 1044 sortes,
1085 992 1217 1036 habet
1243 993 1460 1048 infirmos;

84 1064 221 1110 habet
254 1080 324 1108 eos
357 1063 432 1125 qui
467 1062 604 1107 solido
628 1079 739 1124 pane
765 1072 1014 1115 vescuntur,
1038 1062 1169 1106 habet
1193 1079 1262 1107 eos
1288 1064 1362 1125 qui
1390 1064 1463 1109 ad-

85 1132 303 1179 liuclacte
330 1131 550 1177 nutriendi
582 1141 696 1178 sunt.
736 1131 860 1177 Addo
893 1130 1028 1186 aliud„
1064 1132 1180 1194 quod
1212 1150 1376 1178 necesse
1403 1145 1464 1179 est

87 1203 283 1250 confiteri
315 1220 326 1247 ε
355 1203 397 1247 in
423 1202 515 1265 ipsa
541 1202 741 1247 societate
764 1213 1146 1258 sacramentorum,
1170 1205 1464 1250 communica-

86 1274 203 1319 tione
237 1272 514 1335 baptismatis
537 1309 547 1327 ,
580 1272 916 1334 participatione
941 1271 1084 1317 altaris
1103 1310 1113 1327 ‚
1149 1273 1283 1318 habet
1305 1278 1461 1333 jtlstos‚

87 1343 224 1390 habet
251 1342 445 1402 injustos.
484 1341 613 1386 Modo
636 1342 749 1386 enim
772 1358 930 1404 corpus
962 1342 1143 1396 Christi,
1173 1343 1290 1405 quod
1310 1345 1463 1401 nostis,

86 1415 132 1460 in
160 1431 255 1459 area
280 1423 365 1465 est;
390 1422 533 1475 postea
552 1412 594 1456 in
617 1412 772 1457 horreo
793 1413 886 1457 erit.
910 1413 1072 1457 Tamen
1091 1429 1189 1457 cum
1211 1414 1253 1458 in
1273 1431 1367 1458 area
1385 1426 1463 1468 est,

89 1501 177 1531 non
201 1492 370 1528 recusat
400 1481 540 1545 paleas
563 1482 768 1527 sustinere
791 1500 801 1526 ι
829 1499 929 1527 cum
956 1493 1125 1544 tempus
1151 1482 1370 1528 advenerit
1398 1501 1468 1529 re-

90 1552 306 1618 ponendi,
345 1552 535 1597 triticum
578 1570 599 1597 a
636 1551 768 1614 paleis
804 1551 1087 1611 segregabit?
1128 1552 1340 1608 Qnaedam
1370 1571 1468 1613 ergo

91 1624 193 1671 fecit
235 1624 415 1668 Samson
459 1639 507 1667 cx
542 1639 725 1685 persona
765 1622 944 1684 capitis,
985 1621 1187 1684 quiedam
1216 1640 1262 1667 ex
1290 1640 1469 1685 persona

93 1694 312 1758 corporis,
346 1703 485 1738 totum
525 1703 665 1738 tamen
695 1710 740 1737 ex
769 1710 949 1755 persona
988 1692 1165 1738 christi.
1199 1694 1246 1737 ln
1275 1710 1324 1738 eo
1353 1695 1467 1739 enim

95 1765 213 1828 quod
238 1765 415 1809 virtutes
452 1773 494 1808 et
528 1761 744 1808 mirabilia
775 1774 976 1826 operatus
1011 1773 1072 1807 est
1110 1763 1309 1810 Samson.
1338 1775 1470 1826 caput

96 1836 300 1882 Ecclesiae
332 1834 556 1879 Christum
592 1834 850 1893 significauit
884 1852 893 1878 :
925 1835 968 1879 in
995 1851 1044 1877 eo
1067 1844 1206 1879 autem
1227 1834 1342 1896 quod
1365 1852 1473 1897 pru-

98 1906 248 1952 denter
272 1905 390 1960 fecit,
418 1904 587 1949 illorum
615 1905 691 1966 qui
715 1903 758 1949 in
788 1904 976 1949 lim-lesia
997 1908 1111 1962 juste
1131 1904 1300 1958 visunt,
1327 1904 1476 1964 imagi-

98 1993 193 2022 nem
219 1975 343 2035 gessit
370 1991 381 2018 ι
414 1974 490 2019 ubi
520 1974 627 2018 sorte
657 1984 899 2034 praeventus
932 1984 993 2018 est
1017 1984 1057 2017 et
1083 1974 1254 2017 incaute
1281 1974 1383 2032 egit,
1406 1992 1476 2019 eos

100 2047 175 2109 qui
208 2046 252 2090 in
285 2043 476 2089 Ecclesia
501 2054 744 2106 peccatores
765 2054 858 2088 sunt
886 2043 1103 2102 figuravit.
1134 2044 1326 2088 Meretrix
1345 2061 1475 2108 quam

102 2116 282 2161 Samson
302 2114 345 2159 in
368 2113 619 2171 conjugium
641 2123 790 2165 sumit,
813 2112 998 2157 lieelesia
1025 2123 1104 2159 est.
1129 2130 1228 2175 quae
1246 2124 1343 2158 ante
1362 2115 1477 2173 agni·

102 2187 259 2233 tionem
288 2183 414 2230 unius
442 2184 514 2228 Dei
539 2200 639 2228 eum
678 2182 800 2228 idolis
827 2183 1032 2228 {ornicum
1060 2183 1158 2231 suit,
1181 2200 1310 2246 qnam
1332 2196 1478 2247 postea

103 2257 187 2302 sibi
215 2254 416 2300 Christus
440 2252 648 2312 adjunxit.
693 2254 926 2316 Postquam
964 2271 1062 2298 xero
1090 2254 1145 2298 al)
1170 2271 1218 2297 eo
1240 2253 1477 2300 illuminata

105 2326 232 2372 fidem
254 2323 459 2386 suscepit,
479 2324 604 2368 etiam
632 2322 713 2368 lzoe
743 2324 914 2375 mei-uit,
940 2334 985 2369 ut
1019 2340 1095 2386 per
1122 2340 1216 2368 eum
1239 2323 1384 2370 salutis
1410 2343 1481 2370 sa-

106 2403 618 2452 cramentacognosceret
639 2429 648 2444 ,
673 2403 713 2436 et
739 2393 793 2438 al»
822 2393 970 2439 eodem
992 2393 1280 2438 rexi-larentnr
1304 2394 1340 2438 ei
1367 2412 1426 2457 m)
1440 2414 1484 2439 s-

108 2467 211 2512 teria
258 2463 498 2510 caelestium
543 2473 820 2510 seen-etormn.
865 2468 972 2508 iNam
1019 2463 1202 2525 qua-stin
1248 2463 1338 2525 ipsa
1384 2481 1482 2527 qnae

109 2537 303 2584 continet
320 2571 331 2591 ‚
355 2555 375 2575 «
407 2535 466 2578 Ue
486 2533 636 2578 edente
657 2533 785 2579 exivit
808 2533 950 2586 cibus,
972 2544 1012 2578 et
1036 2533 1088 2578 de
1112 2533 1209 2578 sorti
1239 2543 1300 2579 est
1323 2550 1482 2593 egressa

158 2626 168 2650 Ι
186 2626 273 2660 Alius
290 2622 542 2666 Evigilafidem.
564 2640 607 2646 —
623 2621 639 2644 ἲ*
658 2621 772 2664 Eplien.
791 2633 831 2659 iv.
854 2624 904 2654 15.
919 2639 963 2645 -
983 2620 996 2644 ³
1018 2621 1130 2654 Manli.
1147 2632 1202 2663 ui,
1229 2632 1279 2654 ια.
