1863 3246
246 338 388 370 semro
425 337 634 380 ccctvm,
669 338 725 370 DE
762 337 870 369 PAcE
905 336 957 369 ΕΤ
993 337 1254 373 CHAMTATE.
1362 328 1457 393 373

77 410 168 466 jam
200 405 422 452 reddimus
454 405 568 460 Deo,
608 404 839 451 reddamus
871 415 914 451 et
943 422 1025 469 pro
1049 422 1191 454 causa.
1221 408 1320 455 Jam
1340 411 1456 458 enim

76 480 322 535 jejunamus
346 486 445 539 post
478 476 759 520 Pentecosten
788 475 1034 521 solemniter
1061 493 1072 520 ε
1102 487 1145 522 et
1171 478 1321 542 ulique
1335 484 1455 540 jeju-

80 563 300 601 naremus,
324 546 490 591 etiamsi
517 545 597 591 ista
621 562 750 591 causa
767 563 856 592 non
884 557 1003 593 esset.
1035 546 1155 602 Quid
1187 565 1286 608 ergo
1316 550 1454 597 debe-

78 633 174 662 mus
192 616 399 663 fratribus
415 615 571 661 nostris
587 653 598 672 ,
621 633 729 679 quos
745 617 791 662 in
809 617 981 663 nomine
1002 616 1179 663 Domini
1200 619 1279 664 Dei
1297 623 1449 677 nostri,

77 686 236 732 medici
269 687 432 741 nostri,
469 686 683 732 curandos
732 686 1030 749 sanandosque
1066 688 1347 751 suscipimus,
1390 690 1454 736 illj

78 757 298 802 offerentes
319 767 369 801 ut
389 767 615 812 sanentur,
638 774 727 806 non
752 757 878 802 nobis
901 773 1053 802 manus
1087 757 1247 804 medici
1279 777 1452 822 praesu-

75 830 266 872 mentes?
288 826 372 871 Sed
391 826 499 889 quid
512 826 726 872 facimus?
747 822 1195 890 Deprecemuripsum
1210 829 1448 887 medicum,

72 899 314 956 jejunantes
330 896 488 942 humili
505 896 658 953 corde,
676 897 750 960 pia
768 896 1049 953 confessione,
1070 897 1223 943 timore
1239 897 1442 947 fraterno.

76 965 371 1012 Exhibeamus
412 967 600 1012 Domino
645 968 848 1031 pietatem
864 1004 876 1024 ,
920 966 1128 1013 fratribus
1167 968 1440 1017 charitatem.

76 1036 284 1082 Crescant
310 1038 424 1083 enim
450 1037 730 1101 eleemosynae
760 1048 943 1094 nostrae,
972 1038 1144 1101 'quibus
1166 1039 1450 1086 exaudiantur

70 1106 242 1153 facilius
259 1109 472 1154 orationes
490 1120 659 1155 nostrae.
683 1108 1035 1173 Hospitalitatem
1056 1110 1293 1156 sectamini.
1322 1112 1356 1155 T
1361 1128 1447 1157 em-

71 1193 156 1240 pus
178 1187 241 1222 est
267 1195 276 1222 :
305 1178 413 1222 servi
445 1178 524 1223 Dei
558 1178 752 1225 veniunt.
799 1180 990 1242 Tempus
1023 1189 1115 1235 est,
1151 1180 1319 1226 occasio
1352 1193 1442 1238 est,

72 1263 206 1309 quare
217 1247 358 1310 perit?
382 1247 566 1293 Attende
579 1248 687 1311 quid
709 1249 846 1294 habes
864 1249 909 1293 in
922 1248 1149 1294 coenaculo
1164 1249 1318 1296 domus
1340 1262 1438 1298 tuae.

72 1316 260 1362 Attende
293 1327 336 1362 et
371 1334 539 1363 sursum
573 1318 681 1381 quid
717 1336 928 1381 reponas,
965 1318 1071 1381 quid
1102 1320 1182 1364 tibi
1207 1337 1366 1376 serves,
1391 1322 1445 1367 de

71 1403 158 1448 quo
182 1386 383 1432 thesauro
407 1388 496 1434 solo
520 1405 694 1434 securus
723 1405 779 1435 es.
810 1390 929 1434 Pone
960 1406 1128 1434 sursum
1144 1427 1154 1444 ,
1187 1391 1444 1438 commenda

70 1473 158 1501 non
183 1472 302 1502 servo
326 1467 401 1502 tuo
420 1494 430 1514 ,
451 1458 524 1503 sed
550 1459 736 1504 Domino
760 1469 850 1506 tuo,
882 1459 1108 1522 Numquid
1130 1460 1219 1506 illic
1243 1461 1365 1507 times
1391 1480 1443 1508 ne

69 1526 140 1572 fur
167 1527 374 1590 obrepat,
408 1545 456 1575 ne
480 1530 679 1574 effractor
700 1529 901 1586 invadat,
932 1547 985 1575 ne
1007 1530 1144 1576 hostis
1169 1532 1442 1578 turbulentus

70 1597 251 1659 eripiat?
279 1599 363 1644 Fac
389 1609 437 1644 ut
453 1598 616 1644 habeas
641 1599 760 1663 quod
785 1600 866 1645 tibi
882 1599 1105 1646 reddatur.
1140 1602 1227 1647 Nee
1253 1602 1337 1647 hoc
1359 1603 1442 1649 tibi

69 1666 294 1724 redditur,
316 1669 436 1732 quod
459 1669 665 1732 posueriS.
697 1670 1015 1716 Foeneratorem
1038 1681 1077 1715 te
1098 1670 1190 1717 vult
1207 1672 1436 1728 Dominus,

69 1735 142 1782 sed
169 1754 322 1794 suum,
350 1755 436 1784 non
455 1739 640 1802 proximi
669 1739 744 1786 tui.

66 1933 101 1945 .-
105 1933 1435 1954 ,,,,,,,,,,,,,,,,,,,,,,,,,,,,,,,,,,,,,,,,,,,,,,,,,,,,,,,,,,,,,,

473 2058 679 2105 SERMO
715 2061 979 2107 CCCLVIH
1001 2062 1029 2109 ¹.

452 2195 530 2241 De
553 2200 680 2241 l’ccce
707 2209 751 2242 ec
777 2206 793 2243 (
807 2199 1032 2245 Ἰιιινίίαίθ.

116 2342 352 2396 Carthagine
373 2344 529 2383 habitus
544 2376 552 2392 ,
575 2356 664 2386 :inte
688 2350 934 2389 collationem
955 2366 1045 2389 cnm
1070 2352 1300 2393 Donatistis,
1326 2351 1378 2390 Η.

130 2480 164 2527 Ι.
207 2480 369 2528 (ἶιῑιιμῐ
404 2494 593 2548 nostram
619 2501 698 2549 pro
717 2485 841 2530 vobis
858 2523 868 2541 ‚
894 2497 933 2531 et
960 2503 1037 2549 pro
1071 2486 1254 2531 inimicis
1279 2486 1431 2532 nostris

63 2562 104 2596 et
123 2550 272 2597 vestris
291 2589 301 2602 ,
333 2562 374 2596 et
404 2570 482 2616 pro
513 2553 646 2599 salute
667 2556 888 2613 omnium,
916 2573 994 2619 pro
1021 2556 1188 2619 quiete,
1220 2573 1299 2619 pro
1324 2573 1428 2620 pace

110 2651 119 2675 ¹
144 2651 227 2684 Alias
251 2654 304 2696 313,
327 2665 363 2686 cx
386 2654 626 2688 simum-linui».
