1863 3246
87 362 228 392 SERMO
263 359 434 400 cchx1‚
474 359 530 390 DE
566 357 931 390 RESURRECTIONE
965 357 1260 389 MORTEORUM.
1334 342 1431 404 409

53 447 76 469 »
100 438 161 472 est
182 443 268 472 esse
304 424 482 488 aequalis
504 425 613 481 Deo,
654 424 724 470 sed
755 424 1031 488 semetipsum
1049 423 1283 469 exinanivit
1300 461 1311 480 ‚
1339 423 1433 470 for-

54 518 76 539 >2
100 514 216 543 mam
247 496 356 542 servi
387 495 605 558 accipiens
620 495 654 542 1.
687 517 707 537 >³
743 498 851 541 Ante
876 504 1019 541 autem
1049 493 1157 556 quid
1186 493 1275 539 ait?
1302 494 1432 551 «Qui

54 589 76 610 »
101 585 200 613 cum
234 567 280 613 in
313 567 451 612 forma
474 566 551 611 Dei
578 576 698 612 esset.
727 588 747 607 »
774 567 972 612 Formam
1005 563 1084 609 Dei
1107 575 1349 626 acceperat,
1374 582 1430 609 an

52 637 97 684 in
125 655 174 683 ea
209 636 463 683 naturaliter
495 639 617 681 erat?
644 635 882 695 Distinguit
920 633 1165 697 Apostolus.
1197 634 1310 679 Cum
1337 634 1431 679 for-

53 725 169 753 mam
196 707 466 762 Deidieeret‚
485 728 504 748 (ι
519 707 675 752 Esset»
691 706 798 752 dixit
818 723 828 750 ε
849 722 949 751 cum
967 704 1149 750 formam
1165 704 1272 749 servi
1285 704 1432 749 nomi-

54 788 200 834 naret,
221 798 240 817 «
257 777 486 840 Accipiens
502 799 519 818 η
534 776 654 823 dixit.
681 776 882 828 Christus
894 792 992 835 ergo
1006 785 1094 821 erat
1109 773 1291 838 aliquid,
1312 791 1432 820 acce-

54 848 123 912 pit
146 847 330 911 aliquid,
372 857 419 892 ut
443 864 544 892 cum
568 846 642 892 illo
678 863 814 892 unum
838 856 943 891 esset
968 845 1086 908 quod
1110 855 1348 907 acceperat.
1379 848 1431 890 In

55 918 194 964 forma
220 917 297 962 Dei
319 927 409 962 erat
432 916 611 980 aequalis
638 918 744 972 Deo,
767 916 879 962 sicut
894 915 1164 976 Evangelista
1187 915 1258 960 ille
1280 915 1429 978 pisea-

59 999 124 1034 tor
155 988 350 1051 loquitur
376 1005 387 1032 ι
418 1009 436 1027 α
458 988 652 1032 ‘terbum
682 997 772 1032 erat
797 987 840 1032 in
876 986 1096 1049 principio
1114 1023 1125 1042 ‚
1163 996 1204 1031 et
1233 986 1428 1032 Verbum

53 1081 75 1102 »
99 1059 217 1123 apud
243 1060 377 1104 Deum
398 1095 409 1114 ‚
431 1068 473 1102 et
494 1058 609 1103 Deus
635 1068 724 1102 erat
746 1057 969 1103 Verbum2
989 1093 1000 1112 ‚
1019 1078 1038 1098 n
1060 1057 1147 1103 hoc
1164 1068 1253 1113 est,
1278 1060 1427 1103 «Cum

52 1131 138 1176 »in
171 1130 310 1175 forma
348 1129 428 1173 Dei
469 1138 591 1183 esset,
631 1145 720 1173 nou
744 1128 941 1191 rapinam
977 1128 1211 1173 arbitratus
1247 1138 1309 1173 est
1342 1144 1429 1173 esse

52 1221 73 1241 »
97 1199 275 1263 aequalis
311 1198 413 1244 Deo.
441 1223 460 1239 υ
499 1198 630 1254 Quod
663 1198 778 1244 enim
807 1216 893 1243 non
921 1198 1174 1244 naturaliter
1201 1198 1327 1254 inest,
1353 1198 1427 1244 sed

51 1279 287 1333 usurpatur
307 1268 473 1323 illicite,
497 1268 650 1331 rapina
670 1279 746 1315 est.
772 1268 1074 1331 ‚Equalitatem
1098 1269 1177 1314 Dei
1202 1268 1428 1331 usurpavit

51 1339 244 1399 angelus,
279 1349 321 1383 et
345 1338 522 1394 cecidit,
552 1349 593 1383 et
619 1338 758 1383 faetus
783 1348 845 1383 est
864 1338 1066 1384 diabolus
1096 1356 1106 1384 z
1134 1338 1427 1402 aequalitatem

50 1410 131 1455 Dei
155 1408 380 1472 usurpavit
411 1408 570 1463 bomo,
603 1418 645 1453 et
678 1408 853 1464 cecidit,
888 1419 929 1453 et
954 1408 1093 1454 factus
1120 1420 1183 1454 est
1212 1409 1418 1456 mortalis,

49 1481 134 1526 Ilic
165 1490 330 1535 autem,
372 1479 449 1542 qui
478 1489 606 1524 natus
638 1490 699 1524 est
731 1479 937 1542 {equalis3
977 1481 1079 1542 quia
1110 1497 1196 1525 nou
1228 1490 1354 1525 natus
1379 1497 1427 1526 ex

48 1562 269 1614 tempore,
297 1550 368 1596 scd
395 1551 656 1612 sempiterno
682 1551 799 1595 Patri
824 1551 1108 1613 sempiternus
1135 1551 1282 1606 Filius,
1313 1568 1427 1596 sem-

47 1639 126 1685 per
137 1631 279 1677 natus,
298 1638 376 1684 per
396 1620 655 1683 quemfacta
680 1631 782 1666 sunt
799 1621 970 1673 omnia;
993 1621 1038 1666 iu
1058 1621 1195 1666 sorim
1216 1620 1294 1666 Dei
1316 1631 1419 1667 erat.

48 1692 107 1737 Ut
141 1703 282 1738 autem
318 1691 528 1737 mediator
554 1701 659 1737 essct
689 1692 799 1737 inter
824 1692 962 1737 Deum
998 1702 1039 1736 et
1066 1690 1280 1747 homines,
1313 1692 1426 1737 inter

40 1767 205 1823 justum
222 1774 263 1809 et
282 1763 483 1823 injustos,
507 1763 616 1808 iuter
635 1763 923 1809 immortalem
938 1772 980 1808 et
994 1762 1211 1817 mortales,
1230 1780 1368 1808 assum
1377 1780 1423 1826 p-

45 1834 100 1879 sit
117 1834 282 1898 aliquid
311 1835 366 1880 ab
388 1834 555 1893 injustis
574 1844 614 1878 et
642 1833 916 1889 mortalibus,
942 1850 1113 1879 servans
1135 1832 1301 1896 aliquid
1321 1850 1423 1879 cum

39 1909 158 1965 justo
180 1916 221 1951 et
238 1904 487 1951 immortali.
520 1906 633 1951 Cum
649 1909 767 1965 justo
792 1905 904 1950 euim
930 1915 972 1949 et
993 1904 1227 1950 immortali
1252 1921 1423 1951 servans

38 1975 249 2035 Justitiam
266 2013 276 2031 ‚
303 1975 359 2021 ab
382 1975 551 2035 injustis
579 1986 620 2020 et
654 1975 910 2021 mortalibus
938 1992 1154 2021 assumens
1178 1974 1421 2022 mortalita-

44 2055 148 2100 tem,
176 2045 315 2091 faetus
334 2045 377 2090 in
399 2045 539 2091 medio
557 2045 876 2100 reconciliator,
895 2044 1100 2105 dejiciens
1118 2062 1290 2091 murum
1312 2062 1420 2109 pec-

43 2127 239 2161 catorum
259 2125 500 2161 nostrorum
521 2135 532 2168 ;
559 2115 674 2161 unde
694 2115 755 2162 illi
773 2116 945 2162 canitur
967 2134 989 2162 a
1011 2114 1177 2178 populo
1198 2133 1274 2163 suo
1295 2133 1305 2160 ε
1329 2137 1347 2155 «
1367 2117 1421 2162 Et

44 2206 65 2227 >›
89 2186 135 2232 in
188 2187 276 2231 Deo
316 2203 410 2231 meo
467 2186 753 2246 transgrediar
794 2186 999 2232 murum3
1024 2203 1035 2231 :
1064 2208 1082 2228 n
1112 2186 1294 2232 reddens
1329 2186 1418 2232 Deo

42 2256 160 2320 quod
177 2266 351 2320 peccata
371 2256 735 2313 abalienaverant,
757 2256 969 2303 redimens
988 2274 1063 2302 suo
1084 2257 1288 2316 sanguiue
1302 2256 1420 2320 quod

42 2327 242 2373 diabolus
266 2326 539 2390 possidebat:
560 2338 757 2374 mortuus
777 2338 838 2373 est
866 2345 945 2391 pro
965 2327 1108 2382 uobis,
1134 2338 1174 2373 et
1198 2328 1422 2374 resurrexit

41 2415 122 2463 pro
146 2398 285 2445 nohis.
318 2399 509 2445 l'ortavit
546 2410 726 2463 peccata
752 2410 913 2455 nostra,
961 2418 1046 2446 non
1072 2399 1153 2446 illis
1176 2400 1415 2449 iulum-eus.

42 2468 114 2514 sed
137 2486 185 2514 ea
208 2468 417 2514 sustinens
444 2487 454 2515 z
483 2470 595 2516 sicut
619 2470 759 2515 Jacob
793 2471 983 2533 portavit
1007 2470 1137 2534 pelles
1163 2469 1414 2521 bot-dorum,

42 2549 92 2585 ut
113 2537 274 2602 pilosus
290 2538 402 2602 patri
424 2539 695 2586 benedicenti
719 2539 975 2588 vidc1·eun·‘·.
1009 2542 1118 2585 {isati
1151 2538 1286 2585 malus
1311 2539 1420 2602 pilos

91 2638 99 2662 ¹
134 2638 250 2680 Philip.
289 2650 334 2676 ιι,
369 2640 411 2675 o,
445 2652 474 2679 7.
494 2658 545 2666 —-
568 2639 583 2662 ²
610 2642 704 2673 ὅου...
739 2652 773 2681 ι,
811 2651 896 2673 ι.-
923 2637 937 2663 ³
965 2639 1043 2672 luat.
1067 2649 1147 2677 xvir,
1169 2641 1221 2673 30.
1243 2654 1280 2659 -—
1305 2635 1414 2669 ¹Grn,

42 2702 163 2732 κυεῖ,
201 2693 251 2724 16.
