1942 3272
474 277 569 333 434
896 289 932 320 s.
975 287 1219 320 Aususrmr
1254 288 1458 320 131>1sc01>1

472 368 515 403 et
531 373 601 402 eos
627 355 855 401 carnaliter
885 353 1142 415 generandi1
1167 372 1178 400 :
1205 355 1303 400 haee
1323 355 1436 400 e'nim
1468 372 1597 419 opera
1623 350 1846 419 corruptio

472 427 613 474 carnis
635 426 792 481 habet,
816 443 904 471 non
923 426 1012 488 ipsa
1039 425 1201 488 species
1222 425 1374 472 carnis,
1403 426 1499 470 «lam
1520 442 1618 485 ergo
1639 426 1738 488 quia
1761 442 1847 470 non

475 498 531 544 ad
556 496 657 542 talia
679 496 957 542 resurrecturi
982 511 1129 540 sumus
1149 532 1160 547 ,
1180 496 1469 558 praescripsit,
1498 506 1546 540 ut
1563 500 1655 555 jam
1679 494 1846 540 dudum

475 568 662 614 dixeram
681 605 692 623 ‚
728 567 941 612 Dominus
975 566 1021 610 in
1055 565 1313 625 Evangelica
1344 565 1555 622 lectione,
1594 582 1693 629 quae
1716 563 1847 610 modo

473 639 652 685 recitata
676 648 752 684 est.
784 637 931 682 Judaei
962 636 1078 681 enim
1109 636 1465 681 resurrectionem
1494 636 1670 699 quidem
1694 634 1848 681 crede-

473 711 584 756 bant
604 709 767 764 carnis,
793 708 866 753 sed
883 707 1010 752 talem
1030 706 1222 752 futuram
1240 708 1480 770 putabant,
1507 718 1555 752 ut
1575 725 1621 752 ea
1639 707 1726 753 vita
1743 715 1850 751 esset

472 782 518 827 in
537 779 844 826 resurrectione
861 815 871 833 ‚
899 777 1072 841 qualem
1094 777 1138 822 in
1169 778 1255 823 hoc
1285 778 1443 823 saeculo
1467 778 1694 837 gerebant3
1721 787 1849 840 atque

472 852 534 898 ita
557 849 785 896 carnaliter
808 849 1044 908 cogitantes
1064 865 1074 891 :
1105 847 1357 893 Sadducaeis
1384 848 1640 911 respondere
1659 864 1743 893 non
1764 863 1850 910 po-

474 931 616 968 terant
633 919 981 983 proponentibus
1001 917 1053 962 de
1073 918 1382 963 resurrectione
1399 918 1679 980 quaestionem
1693 953 1703 967 ,
1727 920 1851 976 cujus

475 992 557 1037 erit
579 1007 683 1036 uxor
718 987 897 1043 mulier,
930 1004 1061 1050 quam
1090 998 1251 1050 septem
1280 987 1431 1033 fratres
1462 988 1544 1032 sibi
1577 986 1850 1033 succedentes

474 1061 729 1108 habuerunt
743 1088 758 1114 ,Δ
781 1075 881 1104 cum
907 1058 1038 1102 vellet
1057 1058 1354 1120 unusquisque
1376 1057 1495 1102 fratri
1515 1075 1591 1102 suo
1615 1068 1786 1103 mortuo
1804 1074 1852 1102 ex

473 1135 564 1192 ejus
600 1147 726 1177 uxore
754 1145 895 1174 semen
935 1128 1160 1174 excitare2.
1199 1127 1436 1173 Sadducaei
1469 1128 1582 1172 enim
1618 1137 1732 1173 secta
1762 1138 1852 1173 erat

475 1202 677 1267 quaedam
706 1199 958 1252 Judaeorum
979 1236 989 1255 ‚
1014 1215 1112 1261 quae
1135 1216 1223 1244 non
1247 1198 1453 1244 credebat
1475 1198 1844 1243 resurrectionem.

474 1273 619 1319 Judaei
640 1288 738 1331 ergo
771 1269 1025 1315 Sadducaeis
1048 1270 1173 1314 istam
1197 1269 1479 1332 quaestionem
1503 1268 1852 1332 proponentibus

474 1345 735 1390 fluctuantes
757 1351 799 1386 et
822 1340 1070 1385 haesitantes
1100 1339 1358 1402 respondere
1390 1357 1477 1384 non
1504 1348 1726 1402 poterant3
1750 1338 1852 1400 quia

475 1430 654 1475 regnum
681 1411 754 1455 Dei
781 1429 804 1455 a
827 1427 955 1455 carne
979 1420 1021 1454 et
1045 1410 1250 1468 sanguine
1267 1447 1277 1460 ,
1300 1409 1344 1454 id
1365 1419 1427 1453 est
1444 1446 1455 1463 ,
1478 1408 1852 1470 incorruptionem

476 1504 499 1531 a
524 1482 802 1546 corruptione
826 1480 1034 1543 possideri
1053 1496 1176 1542 posse
1205 1480 1546 1525 arbitrabantur.
1575 1479 1701 1524 Venit
1726 1478 1852 1523 Veri-

475 1568 540 1601 tas
557 1592 567 1609 ‚
588 1555 877 1610 interrogatur
901 1568 923 1595 a
948 1549 1140 1612 deceptis
1172 1560 1214 1594 et
1239 1549 1546 1612 deceptoribus
1569 1548 1822 1594 Sadducaeis
1837 1585 1848 1603 ‚

474 1624 738 1690 proponitur
771 1620 842 1665 illa
871 1620 1054 1682 quaestio
1085 1620 1286 1665 Domino.
1316 1620 1369 1663 Et
1396 1619 1603 1663 Dominus
1628 1618 1702 1681 qui
1726 1617 1853 1663 s‹·iret

476 1694 583 1759 quid
621 1693 804 1746 diecret,
838 1699 880 1734 et
913 1689 1033 1752 quod
1067 1689 1365 1734 nesciebamus
1396 1688 1568 1734 credere
1593 1706 1668 1733 nos
1692 1687 1848 1741 vellet,

475 1764 707 1829 respondet
743 1760 998 1807 auctoritate
1042 1759 1277 1818 majestatis
1321 1775 1409 1803 suae
1449 1758 1567 1820 quod
1605 1756 1845 1804 credamus.

477 1827 709 1899 Apostolus
734 1842 878 1877 autem
901 1829 1095 1892 exposuit
1123 1839 1337 1891 (plantum
1362 1829 1399 1873 ei
1422 1828 1570 1873 datum
1593 1838 1654 1873 est
1675 1845 1685 1872 :
1709 1826 1849 1891 quod,

477 1916 691 1970 quantum
716 1917 944 1965 possumus
959 1937 970 1955 ,
1008 1898 1312 1958 intelligamus.
1356 1898 1475 1954 Quid
1508 1915 1607 1958 ergo
1645 1898 1855 1943 Dominus
1902 1921 1906 1923 >

479 1973 760 2022 sadducaeis?
785 1993 804 2013 «
827 1970 991 2015 Erratis
1009 2007 1020 2025 ‚
1040 1969 1209 2031 inquit,
1242 1986 1329 2014 non
1354 1969 1532 2014 scientes
1571 1968 1820 2030 Scripturas
1840 2003 1850 2021 ‚

478 2063 656 2109 »neque
682 2044 886 2089 virtutem
912 2041 1005 2087 Dei.
1051 2041 1102 2085 ln
1132 2041 1440 2085 resurrectione
1459 2040 1573 2084 enim
1605 2054 1745 2102 neque
1767 2053 1856 2082 nu-

481 2141 502 2161 »
520 2119 650 2171 bunt,
674 2130 814 2177 neque
833 2129 982 2157 uxores
998 2110 1190 2164 ducunt3
1209 2127 1347 2173 neque
1361 2110 1475 2154 enim
1493 2109 1712 2172 incipiunt
1728 2107 1852 2162 mori,

480 2186 592 2233 »sed
629 2194 756 2230 erunt
791 2181 977 2245 aequales
1014 2179 1187 2239 Angelis
1226 2180 1343 2226 Dei3.
1369 2201 1389 2220 ι)
1417 2181 1571 2238 Magna
1592 2179 1730 2223 virtus
1759 2177 1849 2222 Dei.

482 2259 627 2313 Quare
648 2272 736 2300 non
756 2254 956 2304 nubunt3
983 2268 1121 2312 neque
1149 2267 1296 2295 uxores
1313 2250 1509 2294 ducunt?
1539 2249 1655 2305 Quia
1675 2265 1763 2294 non
1782 2248 1857 2293 'in-

482 2328 646 2391 cipient
676 2324 800 2370 mori.
846 2323 913 2367 lbi
943 2321 1057 2365 enim
1084 2337 1324 2366 successor.
1369 2320 1446 2365 uhi
1479 2320 1687 2366 decessor.
1731 2317 1858 2364 mulla

479 2416 578 2459 ergo
601 2397 665 2442 ibi
688 2394 781 2440 talis
812 2392 1050 2454 corruptio,
1090 2392 1143 2435 Et
1173 2391 1242 2436 ille
1281 2392 1488 2436 Dominus
1523 2407 1601 2453 per
1629 2398 1773 2435 aetates
1802 2389 1857 2434 ab

484 2468 666 2516 infantia
682 2482 817 2529 usque
835 2463 887 2509 ad
904 2467 1181 2523 juventutem
1202 2462 1415 2517 cucurrit,
1438 2461 1542 2525 quia
1560 2461 1699 2506 carnis
1714 2458 1858 2505 adhuc

526 2563 539 2586 ¹
558 2561 644 2594 Beda
669 2564 700 2592 et
733 2559 843 2591 Florus
871 2557 910 2589 ad
951 2567 964 2586 1
997 2557 1071 2587 Cor.
1104 2567 1155 2589 xv.
1185 2560 1228 2580 ’--
1254 2553 1270 2577 2
1299 2541 1414 2587 Manli.
1444 2564 1540 2597 xxix,
1576 2554 1629 2586 13.
1662 2557 1709 2577 —‘²·
1732 2547 1745 2568 ³
1774 2546 1856 2583 Ibiti-

482 2627 527 2657 29
544 2621 577 2648 et
591 2616 646 2647 30.
