1899 3241
237 342 380 373 sunno
417 341 533 382 ecel,
571 343 621 372 IN
657 341 963 374 soranum-m:
1000 342 1058 371 SS.
1099 343 1298 377 MACHAB.
1405 331 1466 378 55

89 409 283 472 ceptoria
301 407 529 465 felicitate,
553 407 586 453 si
612 407 676 472 pii
701 409 817 466 estis,
843 408 1013 461 dolete;
1037 408 1073 453 si
1092 410 1184 455 sani
1205 412 1319 469 estis,
1349 413 1462 461 flete.

90 477 164 528 Sic
175 479 291 526 enim
308 489 351 524 et
367 478 438 524 ille
458 478 531 524 cui
555 479 761 524 commoti
787 490 887 524 sunt
910 477 1042 542 pedes
1059 516 1069 534 ‚
1097 481 1378 543 reprehendit
1402 502 1462 541 se,

90 548 193 612 quia
220 549 362 596 Deum
377 559 574 612 coeperat
603 566 821 606 accusare,
842 560 884 594 et
909 549 973 594 ibi
997 553 1090 609 jam
1115 561 1235 606 erat3
1265 553 1339 599 sed
1362 572 1470 617 pene

88 619 190 676 fuit,
214 619 493 684 paulominus
515 619 612 666 fuit.
643 621 740 665 Non
766 619 938 680 negavit
983 620 1072 665 Deo
1105 621 1328 668 scientiam
1356 641 1366 669 :
1396 625 1470 669 sed

90 701 298 754 tanquam
324 691 452 736 motis
489 689 680 754 pedibus
710 691 893 738 nutavit.
926 690 1046 747 Quid
1073 702 1134 736 est
1158 697 1339 740 nutare?
1371 695 1468 741 Du-

87 760 241 809 bitare.
274 760 463 817 Quando
484 772 627 807 autem
657 779 699 806 se
725 760 1029 825 reprehendit,
1057 761 1178 824 quod
1199 779 1275 809 cor
1302 776 1472 811 rectum

88 848 176 878 non
195 831 371 888 habuit,
404 831 513 895 quid
538 832 678 878 dixit?
701 831 846 890 Quare
864 831 974 877 mihi
999 833 1163 879 turbati
1184 845 1285 880 sunt
1309 835 1467 898 pedes?

89 923 109 943 α
136 902 253 959 Quia
274 902 426 959 zelavi,
452 903 595 966 inquit
617 941 627 959 ‚
655 903 701 948 in
720 903 1028 967 peccatoribus
1045 940 1055 958 ‚
1085 921 1238 966 pacem
1259 917 1467 968 peccato-

88 995 110 1015 »
133 991 229 1020 rum
250 974 416 1021 videns.
447 996 467 1016 υ
494 974 608 1031 Quia
631 974 718 1020 vidi
735 973 890 1020 divites
907 974 1098 1037 iniquos,
1115 974 1272 1029 zelavi3
1302 986 1345 1021 et
1362 976 1466 1033 dixi,

87 1046 191 1108 quia
199 1045 371 1109 perdidi
375 1045 610 1104 justitiam,
629 1056 698 1090 et«
713 1045 815 1091 Sine
827 1062 954 1090 causa
965 1045 1202 1104 justificavi
1214 1063 1289 1092 cor
1305 1065 1447 1093 meum
1457 1085 1467 1096 .

89 1137 109 1157 υ
134 1126 178 1160 et
192 1115 280 1161 lavi
296 1115 408 1160 inter
430 1116 681 1161 innocentes
704 1133 856 1162 manus
881 1133 1009 1162 meas.
1037 1136 1057 1158 J)
1085 1117 1142 1161 Et
1169 1133 1271 1163 cuni
1289 1117 1466 1173 dubito,

85 1186 149 1236 Sic
170 1186 577 1250 coepicognoscere‚
600 1208 619 1227 «
641 1187 712 1232 Sic
732 1188 870 1250 coepi,
894 1187 1055 1250 inquit,
1080 1204 1334 1247 cognoscere
1355 1207 1365 1234 :
1384 1189 1469 1235 hoc

89 1278 110 1298 »
130 1256 258 1303 labor
273 1267 338 1302 est
359 1268 456 1302 ante
475 1274 556 1303 me.
582 1279 602 1298 »
623 1258 806 1317 Magnus
825 1257 952 1302 labor
967 1294 978 1313 ,
999 1257 1126 1302 istam
1145 1258 1306 1305 solvere
1330 1277 1470 1323 quies-

88 1327 262 1375 tionem.
295 1327 402 1375 Vere
419 1327 546 1373 labor
568 1338 644 1374 est.
682 1329 796 1373 Bene
816 1338 879 1373 est
901 1327 965 1373 illi
983 1365 993 1384 ‚
1021 1339 1062 1372 et
1086 1328 1224 1374 malus
1239 1340 1328 1382 est;
1363 1329 1471 1375 male

86 1409 150 1445 est
175 1398 269 1455 illi,
297 1409 340 1444 et
362 1398 506 1444 bonus
538 1409 600 1443 est
629 1416 639 1443 ε
667 1409 709 1444 et
731 1416 862 1462 super
899 1398 1052 1444 ambos
1093 1400 1208 1444 Deus
1225 1399 1356 1460 Judex
1387 1410 1463 1446 est.

86 1470 347 1530 Justusergo
364 1469 497 1530 judex
520 1469 597 1516 dat
614 1470 730 1516 bona
752 1470 894 1527 malis,
923 1481 964 1516 et
988 1470 1255 1518 malaboniS.
1286 1492 1307 1512 a
1325 1473 1472 1517 Labor

88 1562 110 1583 »
134 1551 198 1587 est
226 1552 324 1588 ante
353 1558 435 1588 me.
464 1563 484 1581 ι»
512 1540 596 1587 Sed
616 1544 860 1605 §quousque
898 1541 1024 1587 labor
1067 1544 1159 1588 est?
1179 1563 1200 1583 r<
1223 1542 1370 1588 Donec
1398 1543 1469 1588 in—

89 1634 110 1654 »
132 1623 298 1664 troeam
318 1612 363 1658 in
382 1611 678 1658 sanctuarium
692 1613 790 1668 Dei,
804 1623 843 1657 et
858 1612 1147 1671 intelligamin
1158 1613 1387 1659 novissima
1401 1613 1431 1659 ¹.
1450 1638 1469 1653 »

88 1684 202 1743 Ergo
225 1683 260 1728 si
278 1682 534 1729 intellexeris
550 1683 594 1728 in
620 1683 851 1728 novissima
869 1721 879 1737 ,
900 1684 982 1728 erit
1000 1683 1167 1746 requies
1189 1684 1464 1732 inventionis-

89 1753 251 1817 peribit
272 1753 400 1800 labor
421 1753 689 1816 quaestionis.

150 1823 275 1870 Vlll.
301 1822 494 1883 Intellige
514 1823 558 1868 in
575 1824 822 1877 novissima,
846 1824 921 1869 ubi
947 1841 1073 1870 nenio
1097 1825 1178 1870 erit
1193 1824 1291 1870 felix
1309 1824 1467 1873 malus,

86 1910 213 1941 nemo
235 1892 381 1939 infelix
405 1893 563 1940 bonus,
599 1893 720 1950 Quid
745 1894 862 1939 enim
897 1895 988 1940 ait?
1018 1916 1037 1936 «
1059 1894 1180 1951 Quid
1215 1895 1329 1940 enim
1362 1895 1468 1940 mihi

88 1964 255 2009 »estin
281 1962 466 2009 coe109»
493 1965 646 2009 Postea
670 1964 855 2023 cognovi
879 1965 987 2027 quid
1015 1965 1128 2010 inihi
1158 1976 1220 2010 est
1250 1966 1295 2010 in
1325 1982 1378 2009 cu
1396 1964 1437 2010 lo
1456 2002 1465 2012 .

84 2051 187 2080 cum
209 2034 414 2079 intrarem
438 2035 485 2079 in
508 2035 804 2080 sanctuarium
835 2035 910 2079 Dei
926 2071 938 2091 ‚
966 2046 1006 2081 et
1024 2035 1304 2095 intelligerem
1326 2035 1369 2079 in
1394 2053 1467 2078 ne-

87 2104 273 2153 vissima.
305 2126 324 2145 ι(
348 2104 468 2161 Quid
495 2105 610 2149 enini
636 2105 746 2150 mihi
781 2115 843 2149 ost
865 2106 910 2150 in
936 2106 1080 2151 melo?
1102 2132 1121 2146 υ
1158 2107 1435 2169 lncorruplio
1453 2144 1463 2155 .

85 2175 331 2232 aeternitas,
375 2173 676 2221 immortalitas
694 2212 706 2231 ,
747 2175 891 2220 nullus
927 2175 1076 2231 dolor,
1123 2175 1267 2222 nullus
1309 2178 1464 2228 timor,

87 2245 231 2293 nullus
251 2244 535 2292 beatitudinis
560 2246 671 2292 linis.
702 2267 722 2286 «
745 2245 865 2302 Quid
885 2263 984 2305 ergo
1010 2246 1117 2291 mihi
1140 2247 1262 2292 estin
1286 2246 1425 2292 soelo')
1448 2272 1467 2288 »

85 2316 194 2381 quid
217 2315 327 2362 mihi
350 2326 543 2362 servatur
566 2316 611 2362 in
638 2316 781 2362 coelo')
807 2338 825 2356 α
857 2317 907 2361 lit
931 2335 952 2362 a
981 2327 1019 2361 te
1043 2316 1150 2379 quid
1184 2316 1298 2362 volui
1334 2334 1464 2381 salu-1·

90 2411 110 2429 υ
132 2390 320 2434 terram?
350 2385 470 2444 Quid
500 2386 616 2434 enini
647 2387 756 2432 inihi
782 2397 845 2433 est
867 2387 911 2432 in
930 2387 1073 2432 ‹·‹1.·10·.›
1097 2411 1115 2428 υ
1140 2387 1258 2443 Quid
1279 2425 1289 2435 ,
1323 2387 1464 2432 ‹lin-am

87 2457 228 2522 quid?
254 2457 444 2513 Quando
467 2457 693 2521 explicabo
717 2456 854 2521 qnid?
879 2457 980 2503 leh-0
1000 2457 1084 2503 lion·
1104 2457 1322 2503 adnm-ans
1339 2456 1436 2504 (lixit
1452 2495 1461 2506 ,

89 2546 175 2575 non
197 2527 440 2591 explicans,
481 2527 641 2585 «Quid
675 2529 789 2574 enim
823 2527 930 2575 mihi
964 2539 1048 2579 est,
1079 2551 1095 2567 υ
1120 2528 1274 2591 iuquit.
1317 2528 1463 2584 Quare

89 2598 298 2650 nondicis
318 2597 454 2660 quid?
470 2598 703 2656 Quomodo
720 2598 848 2645 dico:
874 2622 891 2638 α
912 2597 1041 2657 Quod
1057 2597 1206 2645 oculus
1226 2614 1310 2644 non
1331 2597 1434 2644 xidit
1452 2635 1462 2651 ,

139 2687 460 2724 ¹Psa1.1.xx·1‚3-5.
