1942 3272
429 231 521 293 29ss
849 247 883 276 s.
925 246 1169 277 AUGUSTINI
1204 247 1406 280 EPISCOPI

429 310 483 356 ad
499 311 863 357 consecrationem
880 311 1256 376 remissionemque
1280 314 1498 374 originalis
1518 316 1685 379 peceati
1704 335 1804 381 pro-

428 380 522 426 dest
551 398 699 427 eorum
733 381 864 439 fides,
901 401 923 428 a
957 382 1118 445 quibus
1147 384 1410 439 offeruntur3
1439 397 1487 431 ut
1510 403 1806 451 quascumque

426 451 618 497 maculas
642 452 898 498 delictorum
921 471 999 516 per
1023 452 1144 510 alios,
1172 471 1218 499 ex
1247 456 1407 518 quibus
1432 456 1523 501 nati
1549 468 1666 513 sunt,
1695 475 1806 503 con-

428 533 675 577 traxerunt,
713 523 894 569 aliorum
925 524 1054 569 etiam
1084 523 1416 586 interrogatione
1451 545 1501 573 ae
1533 529 1808 591 responsione

428 605 684 657 purgentur.
706 595 933 640 Verissime
945 595 1110 658 quippe
1127 596 1172 640 in
1189 596 1371 642 Psalmis
1384 597 1605 661 plangitur
1626 616 1636 643 :
1657 620 1676 639 c<
1696 600 1809 644 Ecce

431 685 451 705 »
470 664 515 709 in
540 664 767 727 iniquitate
790 676 1027 728 conceptus
1052 683 1165 722 sum,
1197 676 1239 711 et
1266 667 1311 712 in
1341 669 1532 731 peccatis
1559 679 1694 714 mater
1718 686 1809 714 mea

431 756 452 776 >>
472 752 539 779 nie
559 735 604 780 in
625 746 745 781 utero
762 736 910 783 aluiist.
937 758 956 777 »
978 738 1088 782 ltem
1107 737 1224 800 quod
1239 739 1451 801 scriptum
1470 749 1547 795 est,
1570 760 1589 780 α
1608 740 1707 785 Non
1725 756 1809 785 esse

432 827 453 847 »
472 805 685 851 mundum
708 806 752 851 in
776 818 1010 869 conspeetu
1035 807 1126 863 Dei‚
1148 825 1227 852 nec
1249 808 1477 864 infantem,
1503 813 1627 869 cujus
1645 820 1705 855 est
1723 809 1811 855 vita

433 876 559 922 »diei
595 877 722 922 unius
750 895 880 941 super
913 878 1112 924 terram2.
1142 879 1380 941 »Exceptis
1412 897 1512 939 ergo
1548 879 1726 936 talibus,
1761 880 1813 925 de

434 964 620 1010 quorum
646 948 796 993 ordine
822 965 871 994 ae
898 949 1050 994 merito
1068 949 1114 993 in
1129 948 1274 994 futura
1298 949 1388 1005 illa,
1409 966 1508 1013 quze
1521 950 1811 1013 promittitur,

434 1028 545 1063 sorte
571 1029 837 1075 sanctorum,
872 1019 979 1065 velle
1004 1019 1189 1083 amplius
1219 1036 1428 1083 quaerere,
1462 1020 1693 1065 hominum
1718 1037 1816 1065 mo-

436 1088 590 1133 dulum
614 1089 806 1142 excedit3
832 1090 902 1152 pie
924 1100 1069 1146 tamen
1093 1090 1286 1135 creditur
1310 1090 1367 1135 eis
1392 1090 1593 1153 prodesse
1618 1090 1672 1136 ad
1694 1090 1818 1154 spiri-

440 1158 567 1204 talem
593 1159 792 1215 salutem,
814 1160 934 1223 quod
957 1160 1270 1206 Ecclesiasticae
1289 1161 1558 1206 auctoritatis
1578 1178 1655 1224 per
1681 1171 1819 1206 totum

440 1229 591 1275 orbem
609 1239 819 1275 terrarum
842 1241 930 1276 tam.
949 1232 1074 1276 firmo
1092 1231 1246 1276 robore
1264 1230 1510 1277 custoditur
1531 1249 1540 1275 :
1563 1241 1820 1276 caeterorum

440 1299 671 1345 hominum
702 1301 846 1346 nullus
879 1301 1030 1346 transit
1061 1300 1116 1346 ad
1152 1301 1377 1347 Christum
1399 1339 1410 1357 ‚
1444 1311 1493 1346 ut
1524 1301 1706 1364 incipiat
1737 1317 1823 1346 esse

443 1370 562 1433 quod
587 1388 674 1415 non
698 1382 805 1426 erat,
827 1371 908 1416 nisi
932 1388 1031 1416 eum
1051 1370 1265 1435 poeniteat
1287 1370 1415 1416 fuisse
1441 1370 1561 1434 quod
1587 1381 1690 1418 erat.
1716 1371 1824 1416 Haec

444 1441 588 1504 prima
619 1441 880 1504 poenitentia
914 1442 1176 1505 praecipitur
1208 1441 1391 1498 Judaeis,
1429 1441 1599 1487 dicente
1632 1440 1826 1505 apostolo

444 1512 639 1557 Pet10:<‹
655 1513 965 1558 Poenitentiam
998 1513 1134 1572 agite,
1169 1523 1211 1557 et
1245 1512 1492 1575 baptizetur
1528 1512 1827 1574 unusquisque

447 1604 468 1625 >2
488 1592 677 1629 vestrum
698 1582 743 1628 in
764 1583 938 1628 nomine
960 1583 1134 1628 Domini
1157 1583 1291 1628 nostri
1312 1583 1412 1628 Jesu
1434 1581 1645 1629 Christi3.
1671 1602 1690 1624 »
1712 1581 1829 1627 'salis

449 1654 612 1717 abipso
630 1654 1145 1718 Dominoimperabatur9
1163 1672 1262 1700 cum
1277 1654 1439 1700 diceret
1457 1671 1467 1698 :
1484 1675 1502 1694 α
1520 1652 1830 1699 Poe-nitentiam

449 1746 472 1766 ³>
493 1724 621 1783 agite,
661 1725 1035 1788 appropinquavit
1065 1725 1178 1770 enim
1210 1741 1389 1784 regnum
1421 1723 1633 1769 coelorum
1650 1723 1683 1770 ¹⁴.
1717 1744 1737 1764 »
1768 1723 1832 1768 De

454 1794 541 1840 hac
560 1794 689 1839 etiam
708 1795 895 1840 joannes
921 1795 1134 1858 Baptista,
1164 1794 1317 1858 plenus
1343 1794 1508 1857 Spiritu
1529 1804 1695 1849 saneto,
1722 1797 1851 1856 prae-⁴

457 1881 606 1909 cursor
633 1874 675 1908 et
700 1875 971 1927 praeparator
1000 1865 1081 1910 viae
1115 1864 1292 1909 Domini
1325 1864 1382 1909 ita
1412 1863 1520 1909 dicit
1538 1881 1548 1908 :
1566 1884 1586 1904 «
1604 1862 1836 1908 Generatio

457 1956 478 1976 ›>
496 1934 763 1997 viperarum,
800 1934 896 1997 quis
929 1934 1115 1979 ostendit
1140 1934 1265 1980 vobis
1298 1934 1443 1993 fugere
1478 1951 1501 1978 a
1537 1943 1718 1980 ventura
1743 1932 1835 1978 ira?

459 2026 480 2047 »
503 2004 647 2049 Facite
665 2020 763 2064 ergo
783 2004 973 2050 fructum
995 2004 1176 2064 dignum
1197 2004 1470 2068 poenitentiae
1484 2003 1517 2050 ’5.
1544 2025 1564 2045 >>

528 2076 611 2121 ΙΙΙ.
656 2074 800 2120 Altera
824 2092 925 2121 vero
947 2075 1207 2138 poenitentia
1224 2086 1302 2130 est,
1330 2078 1454 2134 eujus
1477 2074 1589 2120 actio
1608 2090 1685 2137 per
1706 2083 1841 2118 totam

464 2147 588 2192 istam
605 2145 757 2201 vitani,
776 2162 860 2208 qua
877 2146 921 2190 in
940 2163 1067 2190 carne
1086 2145 1257 2190 mortali
1279 2144 1492 2204 degimus,
1513 2153 1722 2207 perpetua
1742 2159 1843 2205 sup-

465 2215 711 2281 plicationis
743 2215 990 2260 humilitate
1020 2214 1247 2261 subeunda
1276 2226 1351 2261 est.
1391 2214 1559 2269 Primo,
1592 2213 1695 2276 quia
1718 2229 1844 2258 nemo

466 2288 599 2335 vitam
630 2297 860 2342 alternam,
886 2285 1268 2349 incorruptibilem
1287 2322 1297 2341 ‚
1331 2283 1706 2346 immortalemque
1729 2281 1847 2328 desi-

467 2359 607 2411 derat,
630 2356 710 2402 nisi
725 2373 823 2401 eum
837 2356 937 2402 vitre
953 2356 1085 2416 hujtis
1105 2355 1372 2420 temporalis,
1394 2353 1711 2418 corruptibilis,
1734 2369 1847 2397 mor-

469 2428 650 2492 talisque
674 2427 899 2491 poeniteat.
930 2427 1028 2473 Non
1052 2428 1166 2474 enim
1187 2428 1247 2473 sic
1267 2427 1449 2491 quisque
1470 2426 1515 2472 in
1535 2425 1670 2472 vitam
1690 2440 1848 2471 novam

522 2531 531 2552 ¹
559 2529 639 2560 Psal.
665 2540 695 2564 ι,
722 2540 751 2567 7.
772 2545 817 2551 —-
840 2526 855 2549 2
869 2527 947 2560 Job.
964 2539 1029 2568 xxv,
1052 2534 1084 2568 4,
1108 2529 1198 2572 juxta
1214 2540 1291 2564 Lxx,
1305 2545 1351 2553 ·—
1373 2525 1388 2551 3
1413 2530 1484 2561 Act.
1503 2538 1542 2567 11,
1562 2527 1615 2559 38.
1632 2542 1679 2550 --
1695 2522 1710 2548 ⁴
1733 2522 1850 2557 Maltll·

474 2596 520 2628 xv,
546 2594 598 2623 17.
616 2598 659 2606 —-
685 2578 770 2616 ⁵1d.
791 2592 847 2624 111,
868 2592 898 2622 7,
919 2582 950 2612 8.
