1863 3246
107 293 249 325 sEnMo
285 291 476 332 CCCLXII,
516 291 571 321 DF.
607 291 966 324 RESL'RRECTIONE
1002 293 1294 328 MORTEORUM.
1348 284 1443 346 419

71 357 471 424 praesumptionem.
504 355 549 402 Si
573 373 690 416 ergo,
711 356 880 415 fratres,
907 375 1053 404 omnes
1071 377 1165 418 nos,
1190 372 1248 418 et,
1275 374 1324 408 ut
1350 380 1442 410 (περ

72 429 214 476 dimus
239 437 486 474 sanctorum
510 425 691 481 litteris,
720 444 865 473 omnes
896 428 1025 474 etiam
1053 430 1129 492 qui
1159 442 1256 477 ante
1288 451 1366 479 nos
1396 435 1444 481 in

72 516 200 546 carne
226 500 438 553 vixerunt,
463 507 505 542 et
531 514 609 560 per
633 514 740 560 quos
769 497 949 561 loquens
974 500 1162 563 Spiritus
1191 504 1269 548 Dei
1291 503 1442 551 distri-

71 570 171 615 buit
202 568 456 615 hominibus
493 577 664 613 tantum
696 579 908 631 quantum
945 570 1046 615 satis
1076 583 1182 617 esset
1215 573 1446 634 significari

72 638 465 705 peregrinantibus,
489 655 634 684 omnes
655 639 774 702 quod
794 639 1010 686 credimus
1027 640 1249 705 loquimur
1267 662 1277 689 ι
1298 646 1447 692 Domi-

73 729 154 758 nus
175 721 319 757 autem
344 710 453 773 ipse,
479 726 580 773 quae
607 720 799 757 noverat.
833 710 952 767 Quid
976 711 1124 771 igitur,
1156 713 1189 759 si
1213 713 1326 760 solus
1351 717 1447 762 Do-

73 782 215 827 minus
235 779 288 826 de
307 778 395 825 vita
420 779 465 824 in
489 790 699 824 aeternum
722 779 874 830 futura,
888 798 1009 826 nosse
1035 793 1206 845 poterat
1231 785 1351 848 quod
1374 786 1446 832 di-

74 852 224 905 cebat3
243 850 314 896 alii
326 867 427 896 vero
441 860 660 913 sequentes
678 851 910 896 Dominum
920 851 1016 898 ideo
1030 853 1132 915 quia
1143 855 1449 902 crediderunt?

75 921 324 967 Invenimus
355 921 498 984 ipsum
525 920 760 966 Dominum
788 932 983 967 nostrum
1016 923 1160 968 Jcsum
1194 924 1418 972 Christum
1436 964 1447 983 ‚

75 993 276 1038 scientem
298 991 404 1055 quid
424 991 688 1054 loqueretur,
716 1008 803 1037 non
825 991 1039 1038 dicentem
1059 1003 1218 1041 tamen.
1247 996 1318 1041 Ait
1338 997 1453 1042 enim

75 1062 264 1126 quodam
297 1062 343 1107 in
375 1061 471 1107 loco
507 1062 736 1124 Discipulis
762 1061 876 1107 suis:
903 1084 922 1103 «
946 1063 1107 1110 Adhuc
1138 1065 1275 1111 multa
1305 1066 1449 1114 habeo

76 1156 96 1176 »
115 1133 239 1179 vobis
260 1132 421 1186 dicere,
446 1131 519 1177 scd
544 1149 628 1177 non
654 1133 829 1196 potestis
854 1132 926 1179 illa
951 1145 1120 1197 portare
1138 1136 1309 1183 modol.
1335 1159 1355 1179 »
1374 1137 1450 1183 Ille

74 1213 255 1268 propter
273 1202 445 1247 illorum
466 1202 780 1255 infirmitatem,
810 1220 894 1247 non
916 1215 1095 1267 propter
1118 1222 1237 1251 suam
1257 1206 1451 1253 difficul-

78 1284 228 1329 tatem,
251 1271 367 1336 quod
387 1282 565 1317 noverat
579 1271 722 1317 dicere
736 1271 977 1319 differebat.
1007 1275 1090 1319 λος
1110 1286 1252 1321 autem
1270 1288 1451 1340 propter

77 1360 352 1391 communem
387 1344 579 1388 omnium
622 1353 814 1388 nostrum
852 1343 1168 1401 infirmitatem‚
1206 1363 1293 1391 non
1333 1347 1453 1410 quod

77 1415 280 1461 novimus
303 1413 403 1460 satis
429 1412 556 1473 digne
581 1412 723 1476 eloqui
744 1430 971 1471 conamur,
997 1414 1069 1460 sed
1093 1432 1191 1478 quae
1209 1416 1337 1476 digne
1356 1435 1453 1463 cre-

79 1486 222 1532 dimus
241 1523 252 1539 ,
290 1495 337 1530 ut
366 1501 618 1547 possumus,
648 1483 934 1547 explicamus3
961 1496 1002 1530 ct
1026 1502 1102 1530 vos
1129 1487 1272 1549 capite
1298 1499 1346 1533 ut
1368 1506 1454 1552 po-

79 1555 211 1601 testis.
241 1555 296 1599 Et
320 1554 352 1599 si
378 1553 563 1616 amplius
586 1554 694 1599 forte
720 1571 873 1617 capere
899 1554 1052 1618 aliquis
1079 1567 1267 1602 vestrum
1292 1569 1452 1621 potest,
1485 1611 1487 1613 ¹

79 1644 210 1691 quam
240 1642 317 1685 ego
346 1624 517 1678 diccre;
549 1642 635 1670 nou
667 1625 859 1670 attendat
888 1625 942 1670 ad
969 1627 1165 1686 exiguum
1194 1628 1354 1686 rivum,
1381 1629 1454 1674 sed

79 1707 226 1742 currat
258 1695 310 1741 ad
343 1695 611 1740 uberrimum
645 1695 1070 1758 iont‹.=1n:quoni;1m
1110 1697 1229 1760 apud
1263 1716 1361 1744 cum
1394 1710 1455 1744 est

79 1766 173 1812 fons
192 1766 311 1820 vitae,
335 1766 379 1810 in
402 1769 526 1823 cujus
544 1764 704 1810 lumin(¹
727 1765 968 1810 ridebimus
988 1765 1175 1814 lumen².

146 1837 218 1884 Vl.
262 1835 375 1893 Quia
394 1853 493 1894 ergo
514 1845 573 1880 cst
596 1835 848 1880 resurrectio
870 1834 1205 1898 disputavimus,
1227 1838 1285 1882 sic
1309 1838 1452 1884 credi-

81 1924 194 1964 mus,
215 1907 276 1953 sic
297 1906 468 1952 credere
495 1905 719 1958 debemus,
753 1906 813 1950 sic
839 1905 1074 1969 loquimur,
1098 1908 1198 1970 quia
1222 1908 1283 1955 sic
1309 1908 1455 1954 credi-—

80 1977 241 2033 dimus,
267 1977 300 2022 si
324 1976 561 2022 Christiani
592 1993 755 2030 sumus,
784 1976 997 2021 intuentes
1023 1978 1260 2040 potentiam
1282 1979 1454 2025 brachii

82 2047 256 2094 Domini
293 2046 518 2092 sternentis
553 2062 857 2109 usquequaque
886 2048 1132 2109 superbiam
1164 2049 1380 2107 gentium,
1415 2061 1455 2094 et

82 2117 339 2164 aedificantis
373 2117 487 2163 lianc
520 2116 647 2161 iidem
687 2126 771 2160 tum
803 2115 887 2160 lau·
926 2134 1003 2180 per
1035 2117 1184 2162 orbem
1216 2129 1451 2170 terrarum,

82 2204 213 2252 quam
232 2187 489 2251 promissum
509 2197 569 2231 est
590 2185 726 2231 multo
751 2196 979 2250 autequam
999 2188 1116 2232 lieret
1136 2205 1145 2232 :
1165 2188 1260 2234 luee-
1281 2189 1456 2234 intuen-

85 2269 161 2314 tes,
187 2258 458 2304 aedificamur
481 2257 533 2303 ad
559 2256 822 2303 credendum
842 2276 888 2303 ea
909 2276 1006 2320 quae
1028 2259 1221 2304 nondum
1241 2260 1454 2313 videmus,

85 2338 134 2374 ut
156 2328 293 2393 ipsam
314 2328 518 2375 visionem
540 2327 779 2374 mercedem
804 2328 903 2374 lidei
927 2330 1196 2392 recipiamus.
1226 2332 1455 2391 (Inmergo

87 2396 358 2445 manifestum
382 2398 435 2443 sit
459 2397 560 2444 fidei
585 2408 740 2444 nostra·
755 2397 943 2444 suturam
969 2401 1320 2446 resurrectionem
1345 2419 1456 2447 nior-

85 2478 278 2522 tuorum‚
301 2478 344 2513 et
363 2468 421 2513 ita
444 2467 735 2524 manili-stum,
761 2478 808 2512 ut
829 2468 932 2515 hinc
953 2470 1148 2533 quisquis
1170 2469 1454 2526 dubitaverit,

86 2537 457 2603 impudentissime
490 2555 532 2584 se
560 2537 679 2584 dieat
710 2537 1039 2594 Christianum
1073 2540 1283 2604 quaeritur
1314 2540 1457 2604 qualia

136 2628 146 2651 ¹
166 2630 261 2662 δοκι).
281 2639 351 2668 xvi,
369 2638 422 2661 n.
440 2644 486 2653 --
505 2626 521 2650 ²
542 2627 622 2661 Pul.
641 2638 805 2665 xxxv‚1o.

1247 2697 1321 2744 27.
