1894 3236
187 286 330 319 SERMO
367 284 522 328 CCCXV,
560 284 606 316 IN
645 283 947 319 SOLEMNITATE
982 287 1214 321 STEPHANI.
1340 293 1425 342 129

61 351 350 416 Stephanum,
366 362 605 415 posuerunt
618 352 868 399 vestimenta
885 370 959 400 sua
977 353 1032 400 ad
1054 353 1180 417 pedes
1198 359 1267 416 cuj
1275 357 1426 405 usdam

59 422 357 480 adolescentis,
383 422 556 468 nomine
575 422 733 469 Sauli1.
764 425 848 469 Iste
873 424 1052 482 Saulus,
1082 436 1123 470 et
1140 437 1288 488 postea
1303 429 1424 475 Pau-

57 493 123 540 lus
144 511 155 539 ε
175 504 421 558 perseeutor
442 493 597 540 Saulus
617 511 627 539 ε
649 494 912 557 praedicator
930 494 1105 541 Paulus.
1133 495 1288 542 Saulus
1310 500 1425 546 enim

57 581 215 612 nomen
247 574 310 610 est
339 582 363 610 a
399 564 540 612 Saule.
586 564 695 610 Saul
729 577 977 628 persecutor
1010 576 1101 611 erat
1124 566 1233 626 regis
1261 569 1416 618 David.

59 634 175 681 Talis
197 633 338 680 fuerat
359 633 466 680 Saul
481 634 527 679 in
546 634 709 691 David,
732 635 870 698 qualis
889 635 1043 681 Saulus
1059 636 1105 680 in
1129 636 1418 700 Stephanum.

57 709 208 752 Postea
229 721 329 751 vero
353 721 455 750 cum
477 715 655 751 vocatus
679 716 786 750 esset
818 705 870 750 de
893 705 1032 759 coelo3
1069 716 1244 752 vocatus
1259 745 1269 763 ‚
1296 726 1424 772 pros-

55 786 215 832 tratus,
251 785 471 832 mutatus,
511 775 589 820 ubi
616 775 754 838 coepit
789 776 1020 838 Apostolus
1055 776 1292 839 praedicare
1322 797 1422 826 ver—

53 847 162 893 bum
192 845 295 900 Dci3
331 845 517 891 mutavit
544 845 626 890 sibi
649 862 806 890 nomen
823 882 835 902 ,
870 856 912 890 et
942 845 1048 891 dixit
1069 863 1110 891 se
1135 847 1334 896 Paulum.
1367 852 1423 897 Et

52 916 139 963 hoc
165 933 298 981 quare
320 916 477 976 elegit?
501 916 615 972 Quia
638 914 799 960 Paulus
816 915 1014 961 modicus
1032 927 1116 972 est,
1144 917 1305 964 Paulus
1323 938 1421 983 par—

51 1004 130 1034 vus
150 997 225 1035 est.
263 989 299 1032 N
305 1004 350 1033 os
367 986 548 1032 solemus
568 986 627 1031 sic
642 985 762 1049 loqui
784 1004 794 1030 :
823 985 992 1031 videbo
1015 997 1056 1032 te
1084 998 1183 1051 post
1210 990 1389 1052 paulum
1405 1029 1417 1049 ‚

50 1058 97 1104 id
113 1069 205 1115 est,
230 1069 329 1122 post
348 1056 585 1103 modicum.
611 1056 736 1101 Unde
756 1073 854 1116 ergo
873 1056 1062 1102 Paulus?
1081 1079 1103 1098 (κ
1121 1059 1212 1118 Ego
1231 1076 1325 1106 sum
1341 1063 1421 1108 mi-

51 1149 74 1171 »
90 1129 233 1175 nimus
259 1127 606 1192 Apostolorum2.
631 1147 652 1168 »
677 1126 836 1186 Magna
869 1125 1017 1173 divina
1045 1130 1305 1190 spectacula.
1334 1132 1422 1188 Qui

49 1210 140 1246 erat
165 1201 211 1246 in
235 1199 355 1259 caede
383 1197 597 1261 Stephani
612 1208 884 1261 persecutor,
909 1197 1049 1242 factus
1065 1209 1125 1244 est
1145 1201 1263 1259 regni
1280 1202 1419 1248 coele-

49 1286 147 1316 rum
166 1281 313 1334 postea
336 1267 614 1333 praedicator.
646 1267 873 1324 Quantum
891 1267 1098 1314 saeviebat
1116 1269 1162 1314 iu
1178 1269 1251 1315 illa
1274 1272 1417 1331 caede,

48 1341 180 1387 vultis
203 1339 383 1386 audire?
412 1338 677 1384 Vestimenta
700 1337 992 1402 lapidantium
1015 1339 1238 1397 servabat,
1259 1352 1307 1387 ut
1324 1359 1422 1388 om—

48 1411 170 1458 nium
206 1410 409 1456 manibus
440 1408 666 1472 lapidaret.
709 1409 822 1468 Ergo
855 1420 1139 1472 posteaquam
1171 1410 1421 1475 Stephanus

47 1491 220 1528 sanctus
245 1491 360 1526 stans
391 1480 571 1540 exigeret
603 1479 801 1525 debitum
828 1479 977 1525 dicens
1002 1497 1013 1525 :
1042 1501 1063 1521 «
1080 1481 1266 1527 Domine
1297 1484 1416 1541 Jesu,

47 1573 69 1595 n
88 1552 238 1615 accipe
255 1551 455 1614 spiritum
472 1567 619 1595 meum
643 1567 654 1595 ι
680 1571 700 1591 »
724 1549 948 1595 attendens
971 1550 1168 1596 inimicos
1192 1568 1289 1598 suos
1306 1590 1316 1609 ‚
1345 1554 1421 1617 qui

46 1623 130 1669 sibi
160 1620 400 1686 lapidando
423 1621 586 1667 malum
620 1620 818 1666 debitum
843 1621 1090 1674 faciebant,
1126 1633 1168 1667 et
1200 1623 1422 1670 addebant

46 1693 100 1740 ad
125 1693 377 1739 thesaurum
414 1692 564 1749 illum,
597 1692 650 1737 de
685 1709 772 1755 quo
817 1691 926 1737 dicit
967 1692 1184 1755 apostolus
1214 1694 1375 1740 Paulus
1404 1714 1415 1741 :

45 1786 66 1807 «
83 1765 153 1810 Tu
176 1775 318 1811 autem
339 1764 575 1810 seeundum
595 1762 802 1809 duritiam
820 1774 937 1808 tuam
956 1773 996 1807 et
1020 1780 1096 1808 cor
1115 1763 1414 1826 impoenitens,

43 1855 66 1878 n
84 1835 345 1881 thesaurizas
380 1834 460 1880 tibi
495 1834 600 1879 iram
621 1870 631 1890 ‚
670 1833 714 1878 in
739 1832 807 1878 die
833 1833 908 1878 irae
944 1843 985 1876 et
1018 1832 1287 1879 revelationis
1311 1837 1418 1895 justi

35 1906 234 1966 »judicii
255 1906 359 1951 Dei-⁹⁵
381 1923 393 1951 ς
417 1928 436 1947 »
456 1904 639 1950 attendit
661 1921 753 1960 eos,
779 1915 820 1949 et
850 1904 1044 1949 misertus
1068 1914 1130 1948 est
1153 1905 1236 1953 eis,
1268 1908 1418 1967 etlixit

33 1987 123 2041 ‘pro
146 1976 204 2022 eis
232 1992 357 2036 genu.
388 1980 470 2022 Pro
497 1993 538 2020 se
561 1975 730 2030 stabat,
764 1991 844 2038 pro
867 1974 924 2018 eis
947 1990 1082 2032 genua
1112 1975 1283 2032 figebat.
1315 1978 1416 2022 Dis-

42 2046 178 2093 crevit
194 2049 362 2106 justum
385 2063 407 2090 a
444 2045 750 2108 peccatoribus
781 2061 790 2088 ε
819 2061 899 2106 pro
922 2047 1037 2102 justo
1070 2054 1184 2088 stans
1215 2047 1414 2108 petebat,

42 2116 143 2180 quia
176 2115 415 2162 mercedem
441 2115 662 2173 exigebam
697 2132 776 2177 pro
804 2113 1106 2177 peccatoribus
1137 2131 1272 2174 genua
1303 2118 1414 2169 mit,

42 2188 142 2252 quia
167 2189 330 2234 sciehat
350 2204 480 2252 quam
501 2187 676 2232 dillicile
696 2205 777 2250 pro
798 2197 881 2231 tam
903 2186 1116 2232 sceleratis
1136 2200 1272 2250 posset
1293 2208 1416 2236 maui-

41 2257 138 2305 diri.
174 2259 567 2317 Quamxisjuslusq
598 2259 794 2320 ‹pmmxis
825 2259 906 2302 sub
940 2258 1030 2320 ipsa
1064 2275 1220 2304 corona
1250 2263 1415 2307 consti-

0 2344 2 2355 '
32 2332 183 2383 tutus,
221 2347 307 2375 nori
344 2328 648 2392 privsumpsit,
674 2327 742 2372 sed
781 2344 888 2385 genu
915 2328 998 2371 fixit
1033 2344 1044 2372 :
1083 2346 1165 2373 non
1192 2332 1414 2376 :nimuh-ns

41 2400 146 2464 quid
176 2402 264 2464 ipse
302 2400 457 2459 dignus
485 2409 590 2443 esset
618 2398 804 2462 petendo
838 2399 1060 2461 accipere.
1101 2400 1170 2444 sed
1204 2402 1308 2463 «μιίιΙ
1331 2404 1408 2465 ipsi

32 2469 160 2531 ,digni
184 2482 348 2525 essent,
373 2490 394 2516 a
422 2471 581 2534 quibus
605 2470 777 2515 voh-bat
801 2470 1012 2514 horrenda
1039 2470 1250 2532 supplicia
1278 2490 1409 2516 ιϊιηυ-

39 2556 148 2590 vel'e.
173 2565 193 2584 «
214 2543 397 2588 Domino
418 2580 428 2593 ,
454 2542 593 2604 inquit
612 2580 622 2594 ,
650 2558 702 2586 ne
720 2551 882 2586 sununs
908 2541 988 2585 illis¹
1016 2540 1096 2584 Ιιυι·
1125 2553 1360 2602 pvcvatmn.
1390 2565 1408 2585 »

87 2632 179 2664 ’ΛΜ
209 2643 270 2674 vn,
288 2634 342 2671 57.
357 2651 396 2656 -
418 2630 461 2662 2ι
489 2633 740 2673 (201·.xv,9.—-
759 2629 772 2653 ³
791 2634 883 2664 lton».
907 2642 940 2668 ιι,
963 2633 990 2661 .ἰ.

167 2700 353 2732 cxxvlu.
1255 2705 1285 2746 1)
