<?xml version="1.0" encoding="UTF-8"?>
<!DOCTYPE html PUBLIC "-//W3C//DTD XHTML 1.0 Transitional//EN"
    "http://www.w3.org/TR/xhtml1/DTD/xhtml1-transitional.dtd">
<html xmlns="http://www.w3.org/1999/xhtml" xml:lang="en" lang="en">
 <head>
  <title>
</title>
<meta http-equiv="Content-Type" content="text/html;charset=utf-8" />
  <meta name='ocr-system' content='tesseract 3.04.00' />
  <meta name='ocr-capabilities' content='ocr_page ocr_carea ocr_par ocr_line ocrx_word'/>
</head>
<body>
  <div class='ocr_page' id='page_1' title='image "./operaomniaaccura21auguuoft_0150.png"; bbox 0 0 1942 3272; ppageno 0'>
   <div class='ocr_carea' id='block_1_1' title="bbox 496 258 1471 307">
    <p class='ocr_par' dir='ltr' id='par_1_1' title="bbox 496 258 1471 307">
     <span class='ocr_line' id='line_1_1' title="bbox 496 258 1471 307; baseline 0.001 -3"><span class='ocrx_word' id='word_1_1' title='bbox 496 258 583 304; x_wconf 74' lang='lat' dir='ltr'>13ss</span> <span class='ocrx_word' id='word_1_2' title='bbox 912 274 951 303; x_wconf 89' lang='lat' dir='ltr'>s.</span> <span class='ocrx_word' id='word_1_3' title='bbox 989 272 1233 306; x_wconf 71' lang='lat' dir='ltr'>Auensrtm</span> <span class='ocrx_word' id='word_1_4' title='bbox 1265 275 1471 307; x_wconf 74' lang='lat' dir='ltr'>131&gt;1scoP1</span> 
     </span>
    </p>
   </div>
   <div class='ocr_carea' id='block_1_2' title="bbox 481 337 1935 2598">
    <p class='ocr_par' dir='ltr' id='par_1_2' title="bbox 487 337 1874 1747">
     <span class='ocr_line' id='line_1_2' title="bbox 495 337 1870 402; baseline 0.006 -21"><span class='ocrx_word' id='word_1_5' title='bbox 495 360 517 381; x_wconf 87' lang='lat'>›&gt;</span> <span class='ocrx_word' id='word_1_6' title='bbox 542 348 688 384; x_wconf 75' lang='lat' dir='ltr'>[entur</span> <span class='ocrx_word' id='word_1_7' title='bbox 723 337 848 385; x_wconf 87' lang='lat' dir='ltr'>vobis</span> <span class='ocrx_word' id='word_1_8' title='bbox 883 349 1064 402; x_wconf 83' lang='lat' dir='ltr'>peccata</span> <span class='ocrx_word' id='word_1_9' title='bbox 1099 351 1238 386; x_wconf 86' lang='lat' dir='ltr'>vestra</span> <span class='ocrx_word' id='word_1_10' title='bbox 1256 339 1290 388; x_wconf 68' lang='lat'>4.</span> <span class='ocrx_word' id='word_1_11' title='bbox 1313 361 1334 384; x_wconf 85' lang='lat'><strong><em>»</em></strong></span> <span class='ocrx_word' id='word_1_12' title='bbox 1370 344 1503 387; x_wconf 88' lang='lat' dir='ltr'>Putas</span> <span class='ocrx_word' id='word_1_13' title='bbox 1532 342 1706 389; x_wconf 69' lang='lat' dir='ltr'>omnia?</span> <span class='ocrx_word' id='word_1_14' title='bbox 1749 342 1870 399; x_wconf 85' lang='lat' dir='ltr'><strong>Quid</strong></span> 
     </span>
     <span class='ocr_line' id='line_1_3' title="bbox 491 409 1869 475; baseline 0.004 -22"><span class='ocrx_word' id='word_1_15' title='bbox 491 419 774 471; x_wconf 81' lang='lat' dir='ltr'>peccatorum</span> <span class='ocrx_word' id='word_1_16' title='bbox 796 409 1064 466; x_wconf 72' lang='lat' dir='ltr'>remanebat,</span> <span class='ocrx_word' id='word_1_17' title='bbox 1085 409 1259 473; x_wconf 88' lang='lat' dir='ltr'>quando</span> <span class='ocrx_word' id='word_1_18' title='bbox 1284 410 1443 457; x_wconf 87' lang='lat' dir='ltr'>etillud</span> <span class='ocrx_word' id='word_1_19' title='bbox 1472 423 1705 475; x_wconf 83' lang='lat' dir='ltr'>peccatum</span> <span class='ocrx_word' id='word_1_20' title='bbox 1724 413 1869 458; x_wconf 86' lang='lat' dir='ltr'>remit-</span> 
     </span>
     <span class='ocr_line' id='line_1_4' title="bbox 487 479 1865 547; baseline 0.004 -23"><span class='ocrx_word' id='word_1_21' title='bbox 487 479 679 536; x_wconf 73' lang='lat' dir='ltr'>tebatur,</span> <span class='ocrx_word' id='word_1_22' title='bbox 700 497 787 543; x_wconf 86' lang='lat' dir='ltr'>quo</span> <span class='ocrx_word' id='word_1_23' title='bbox 798 480 996 525; x_wconf 86' lang='lat' dir='ltr'>remissor</span> <span class='ocrx_word' id='word_1_24' title='bbox 1009 480 1175 526; x_wconf 78' lang='lat' dir='ltr'>occisus</span> <span class='ocrx_word' id='word_1_25' title='bbox 1185 486 1569 544; x_wconf 66' lang='lat' dir='ltr'>estpeccatorum?</span> <span class='ocrx_word' id='word_1_26' title='bbox 1590 482 1710 539; x_wconf 87' lang='lat' dir='ltr'>Quid</span> <span class='ocrx_word' id='word_1_27' title='bbox 1723 486 1865 547; x_wconf 83' lang='lat' dir='ltr'>pejus,</span> 
     </span>
     <span class='ocr_line' id='line_1_5' title="bbox 489 550 1868 617; baseline 0.003 -22"><span class='ocrx_word' id='word_1_28' title='bbox 489 567 623 614; x_wconf 86' lang='lat' dir='ltr'>quam</span> <span class='ocrx_word' id='word_1_29' title='bbox 642 550 838 597; x_wconf 83' lang='lat' dir='ltr'>occidere</span> <span class='ocrx_word' id='word_1_30' title='bbox 858 551 1115 596; x_wconf 60' lang='lat' dir='ltr'>Christum?</span> <span class='ocrx_word' id='word_1_31' title='bbox 1138 551 1233 597; x_wconf 90' lang='lat' dir='ltr'>Hoc</span> <span class='ocrx_word' id='word_1_32' title='bbox 1244 551 1432 597; x_wconf 85' lang='lat' dir='ltr'>deletum</span> <span class='ocrx_word' id='word_1_33' title='bbox 1459 563 1533 600; x_wconf 84' lang='lat' dir='ltr'>est.</span> <span class='ocrx_word' id='word_1_34' title='bbox 1565 552 1683 610; x_wconf 84' lang='lat' dir='ltr'><strong>Quid</strong></span> <span class='ocrx_word' id='word_1_35' title='bbox 1704 553 1868 617; x_wconf 56' lang='lat' dir='ltr'>igitur?</span> 
     </span>
     <span class='ocr_line' id='line_1_6' title="bbox 490 619 1870 684; baseline 0.004 -20"><span class='ocrx_word' id='word_1_36' title='bbox 490 619 617 665; x_wconf 83' lang='lat' dir='ltr'>Forte</span> <span class='ocrx_word' id='word_1_37' title='bbox 655 621 766 666; x_wconf 86' lang='lat' dir='ltr'>inter</span> <span class='ocrx_word' id='word_1_38' title='bbox 798 620 891 667; x_wconf 89' lang='lat' dir='ltr'>illos</span> <span class='ocrx_word' id='word_1_39' title='bbox 929 620 1011 667; x_wconf 79' lang='lat' dir='ltr'>fuit</span> <span class='ocrx_word' id='word_1_40' title='bbox 1037 620 1300 684; x_wconf 70' lang='lat' dir='ltr'>Stephanus.</span> <span class='ocrx_word' id='word_1_41' title='bbox 1336 621 1381 667; x_wconf 90' lang='lat' dir='ltr'>Si</span> <span class='ocrx_word' id='word_1_42' title='bbox 1419 622 1648 668; x_wconf 88' lang='lat' dir='ltr'>interillos</span> <span class='ocrx_word' id='word_1_43' title='bbox 1669 622 1787 677; x_wconf 82' lang='lat' dir='ltr'>fuit3</span> <span class='ocrx_word' id='word_1_44' title='bbox 1829 634 1870 669; x_wconf 88' lang='lat' dir='ltr'>et</span> 
     </span>
     <span class='ocr_line' id='line_1_7' title="bbox 490 691 1869 757; baseline 0.006 -25"><span class='ocrx_word' id='word_1_45' title='bbox 490 708 572 754; x_wconf 72' lang='lat' dir='ltr'>pro</span> <span class='ocrx_word' id='word_1_46' title='bbox 587 691 660 737; x_wconf 83' lang='lat' dir='ltr'>illo</span> <span class='ocrx_word' id='word_1_47' title='bbox 684 692 905 738; x_wconf 72' lang='lat' dir='ltr'>valuitilla</span> <span class='ocrx_word' id='word_1_48' title='bbox 925 692 1079 748; x_wconf 51' lang='lat' dir='ltr'>orat-iffi</span> <span class='ocrx_word' id='word_1_49' title='bbox 1106 713 1126 733; x_wconf 72' lang='grc' dir='ltr'>α</span> <span class='ocrx_word' id='word_1_50' title='bbox 1152 693 1299 749; x_wconf 81' lang='lat' dir='ltr'>Pater,</span> <span class='ocrx_word' id='word_1_51' title='bbox 1322 693 1496 752; x_wconf 82' lang='lat' dir='ltr'>ignosce</span> <span class='ocrx_word' id='word_1_52' title='bbox 1518 693 1619 745; x_wconf 70' lang='lat' dir='ltr'>iltis„</span> <span class='ocrx_word' id='word_1_53' title='bbox 1643 694 1745 757; x_wconf 85' lang='lat' dir='ltr'>quia</span> <span class='ocrx_word' id='word_1_54' title='bbox 1768 711 1869 740; x_wconf 87' lang='lat' dir='ltr'>ues-</span> 
     </span>
     <span class='ocr_line' id='line_1_8' title="bbox 488 762 1863 826; baseline 0.006 -23"><span class='ocrx_word' id='word_1_55' title='bbox 488 781 511 804; x_wconf 81' lang='lat'>›&gt;</span> <span class='ocrx_word' id='word_1_56' title='bbox 534 762 656 808; x_wconf 82' lang='lat' dir='ltr'>ciunt</span> <span class='ocrx_word' id='word_1_57' title='bbox 687 763 794 826; x_wconf 78' lang='lat' dir='ltr'>quid</span> <span class='ocrx_word' id='word_1_58' title='bbox 816 763 996 809; x_wconf 80' lang='lat' dir='ltr'>faciunt,</span> <span class='ocrx_word' id='word_1_59' title='bbox 1023 785 1043 805; x_wconf 82' lang='lat'>›&gt;</span> <span class='ocrx_word' id='word_1_60' title='bbox 1070 764 1236 809; x_wconf 70' lang='lat' dir='ltr'>&#39;l&#39;amen</span> <span class='ocrx_word' id='word_1_61' title='bbox 1264 773 1307 809; x_wconf 87' lang='lat' dir='ltr'>et</span> <span class='ocrx_word' id='word_1_62' title='bbox 1327 763 1482 809; x_wconf 82' lang='lat' dir='ltr'>Saulus</span> <span class='ocrx_word' id='word_1_63' title='bbox 1513 764 1625 810; x_wconf 86' lang='lat' dir='ltr'>inter</span> <span class='ocrx_word' id='word_1_64' title='bbox 1647 764 1741 810; x_wconf 89' lang='lat' dir='ltr'>illos</span> <span class='ocrx_word' id='word_1_65' title='bbox 1766 764 1863 812; x_wconf 83' lang='lat' dir='ltr'>fuit.</span> 
     </span>
     <span class='ocr_line' id='line_1_9' title="bbox 492 833 1867 899; baseline 0.002 -21"><span class='ocrx_word' id='word_1_66' title='bbox 492 833 605 879; x_wconf 86' lang='lat' dir='ltr'>Cum</span> <span class='ocrx_word' id='word_1_67' title='bbox 633 833 901 898; x_wconf 73' lang='lat' dir='ltr'>lapidaretur</span> <span class='ocrx_word' id='word_1_68' title='bbox 922 835 1171 897; x_wconf 70' lang='lat' dir='ltr'>Stephanus</span> <span class='ocrx_word' id='word_1_69' title='bbox 1193 851 1344 894; x_wconf 70' lang='lat' dir='ltr'>agnus,</span> <span class='ocrx_word' id='word_1_70' title='bbox 1370 834 1597 881; x_wconf 87' lang='lat' dir='ltr'>adhucille</span> <span class='ocrx_word' id='word_1_71' title='bbox 1611 846 1700 881; x_wconf 85' lang='lat' dir='ltr'>erat</span> <span class='ocrx_word' id='word_1_72' title='bbox 1719 835 1867 899; x_wconf 81' lang='lat' dir='ltr'>lupus,</span> 
     </span>
     <span class='ocr_line' id='line_1_10' title="bbox 490 904 1873 969; baseline 0.001 -19"><span class='ocrx_word' id='word_1_73' title='bbox 490 904 638 950; x_wconf 75' lang='lat' dir='ltr'>adhuc</span> <span class='ocrx_word' id='word_1_74' title='bbox 662 906 913 965; x_wconf 78' lang='lat' dir='ltr'>sanguinem</span> <span class='ocrx_word' id='word_1_75' title='bbox 938 906 1109 951; x_wconf 83' lang='lat' dir='ltr'>sitiebat</span> <span class='ocrx_word' id='word_1_76' title='bbox 1129 927 1139 960; x_wconf 70' lang='grc' dir='ltr'><strong>ς</strong></span> <span class='ocrx_word' id='word_1_77' title='bbox 1173 905 1320 951; x_wconf 82' lang='lat' dir='ltr'>adhuc</span> <span class='ocrx_word' id='word_1_78' title='bbox 1346 922 1500 951; x_wconf 87' lang='lat' dir='ltr'>manus</span> <span class='ocrx_word' id='word_1_79' title='bbox 1519 924 1615 952; x_wconf 89' lang='lat' dir='ltr'>suas</span> <span class='ocrx_word' id='word_1_80' title='bbox 1629 907 1792 969; x_wconf 82' lang='lat' dir='ltr'>quibus</span> <span class='ocrx_word' id='word_1_81' title='bbox 1808 906 1873 952; x_wconf 90' lang='lat' dir='ltr'>la-</span> 
     </span>
     <span class='ocr_line' id='line_1_11' title="bbox 487 975 1865 1040; baseline 0.002 -19"><span class='ocrx_word' id='word_1_82' title='bbox 487 975 661 1039; x_wconf 82' lang='lat' dir='ltr'>pidaret</span> <span class='ocrx_word' id='word_1_83' title='bbox 671 994 824 1040; x_wconf 87' lang='lat' dir='ltr'>parum</span> <span class='ocrx_word' id='word_1_84' title='bbox 841 977 1045 1040; x_wconf 71' lang='lat' dir='ltr'>putabat,</span> <span class='ocrx_word' id='word_1_85' title='bbox 1068 977 1362 1040; x_wconf 66' lang='lat' dir='ltr'>lapidantium</span> <span class='ocrx_word' id='word_1_86' title='bbox 1381 977 1633 1024; x_wconf 76' lang='lat' dir='ltr'>vestimenta</span> <span class='ocrx_word' id='word_1_87' title='bbox 1650 978 1865 1028; x_wconf 71' lang='lat' dir='ltr'>servabat,</span> 
     </span>
     <span class='ocr_line' id='line_1_12' title="bbox 489 1046 1871 1110; baseline 0.003 -20"><span class='ocrx_word' id='word_1_88' title='bbox 489 1046 604 1104; x_wconf 66' lang='lat' dir='ltr'>Ergo</span> <span class='ocrx_word' id='word_1_89' title='bbox 623 1046 812 1092; x_wconf 97' lang='lat' dir='ltr'>recolens</span> <span class='ocrx_word' id='word_1_90' title='bbox 834 1046 942 1110; x_wconf 84' lang='lat' dir='ltr'>quid</span> <span class='ocrx_word' id='word_1_91' title='bbox 963 1064 1039 1109; x_wconf 75' lang='lat' dir='ltr'>pro</span> <span class='ocrx_word' id='word_1_92' title='bbox 1055 1064 1094 1092; x_wconf 84' lang='lat' dir='ltr'>se</span> <span class='ocrx_word' id='word_1_93' title='bbox 1119 1046 1287 1092; x_wconf 86' lang='lat' dir='ltr'>dictum</span> <span class='ocrx_word' id='word_1_94' title='bbox 1310 1046 1381 1103; x_wconf 79' lang='lat' dir='ltr'>sit,</span> <span class='ocrx_word' id='word_1_95' title='bbox 1408 1047 1441 1093; x_wconf 88' lang='lat' dir='ltr'>si</span> <span class='ocrx_word' id='word_1_96' title='bbox 1456 1057 1497 1093; x_wconf 85' lang='lat' dir='ltr'>et</span> <span class='ocrx_word' id='word_1_97' title='bbox 1529 1047 1620 1110; x_wconf 88' lang='lat' dir='ltr'>ipse</span> <span class='ocrx_word' id='word_1_98' title='bbox 1640 1047 1752 1092; x_wconf 89' lang='lat' dir='ltr'>inter</span> <span class='ocrx_word' id='word_1_99' title='bbox 1776 1047 1871 1094; x_wconf 87' lang='lat' dir='ltr'>illos</span> 
     </span>
     <span class='ocr_line' id='line_1_13' title="bbox 493 1116 1867 1181; baseline 0.001 -19"><span class='ocrx_word' id='word_1_100' title='bbox 493 1127 610 1173; x_wconf 81' lang='lat' dir='ltr'>erat,</span> <span class='ocrx_word' id='word_1_101' title='bbox 641 1116 694 1162; x_wconf 91' lang='lat' dir='ltr'>de</span> <span class='ocrx_word' id='word_1_102' title='bbox 739 1117 901 1180; x_wconf 85' lang='lat' dir='ltr'>quibus</span> <span class='ocrx_word' id='word_1_103' title='bbox 931 1117 1038 1163; x_wconf 75' lang='lat' dir='ltr'>dixit</span> <span class='ocrx_word' id='word_1_104' title='bbox 1075 1118 1301 1169; x_wconf 68' lang='lat' dir='ltr'>Dominus„</span> <span class='ocrx_word' id='word_1_105' title='bbox 1335 1117 1512 1181; x_wconf 87' lang='lat' dir='ltr'>quando</span> <span class='ocrx_word' id='word_1_106' title='bbox 1545 1118 1638 1164; x_wconf 88' lang='lat' dir='ltr'>ait:</span> <span class='ocrx_word' id='word_1_107' title='bbox 1667 1139 1687 1159; x_wconf 74' lang='lat' dir='ltr'>c&lt;</span> <span class='ocrx_word' id='word_1_108' title='bbox 1713 1118 1867 1175; x_wconf 81' lang='lat' dir='ltr'>Pater,</span> 
     </span>
     <span class='ocr_line' id='line_1_14' title="bbox 492 1187 1872 1251; baseline 0.003 -20"><span class='ocrx_word' id='word_1_109' title='bbox 492 1207 514 1228; x_wconf 90' lang='lat'>»</span> <span class='ocrx_word' id='word_1_110' title='bbox 538 1187 709 1246; x_wconf 84' lang='lat' dir='ltr'>ignosce</span> <span class='ocrx_word' id='word_1_111' title='bbox 732 1187 838 1242; x_wconf 70' lang='lat' dir='ltr'>illis,</span> <span class='ocrx_word' id='word_1_112' title='bbox 860 1187 960 1251; x_wconf 83' lang='lat' dir='ltr'>qnia</span> <span class='ocrx_word' id='word_1_113' title='bbox 985 1188 1183 1233; x_wconf 83' lang='lat' dir='ltr'>nesciunt</span> <span class='ocrx_word' id='word_1_114' title='bbox 1200 1188 1308 1251; x_wconf 89' lang='lat' dir='ltr'>quid</span> <span class='ocrx_word' id='word_1_115' title='bbox 1330 1188 1520 1242; x_wconf 82' lang='lat' dir='ltr'>faciunt3</span> <span class='ocrx_word' id='word_1_116' title='bbox 1539 1210 1558 1229; x_wconf 86' lang='lat'>»</span> <span class='ocrx_word' id='word_1_117' title='bbox 1582 1188 1755 1235; x_wconf 86' lang='lat' dir='ltr'>imitans</span> <span class='ocrx_word' id='word_1_118' title='bbox 1772 1206 1872 1250; x_wconf 85' lang='lat' dir='ltr'>ergo</span> 
     </span>
     <span class='ocr_line' id='line_1_15' title="bbox 493 1257 1869 1322; baseline 0.002 -19"><span class='ocrx_word' id='word_1_119' title='bbox 493 1258 622 1303; x_wconf 90' lang='lat' dir='ltr'>etiam</span> <span class='ocrx_word' id='word_1_120' title='bbox 648 1257 693 1304; x_wconf 88' lang='lat' dir='ltr'>in</span> <span class='ocrx_word' id='word_1_121' title='bbox 712 1258 799 1304; x_wconf 89' lang='lat' dir='ltr'>hoc</span> <span class='ocrx_word' id='word_1_122' title='bbox 820 1259 915 1322; x_wconf 88' lang='lat' dir='ltr'>ipso</span> <span class='ocrx_word' id='word_1_123' title='bbox 937 1259 1173 1304; x_wconf 77' lang='lat' dir='ltr'>Dominum</span> <span class='ocrx_word' id='word_1_124' title='bbox 1199 1276 1342 1315; x_wconf 84' lang='lat' dir='ltr'>suum,</span> <span class='ocrx_word' id='word_1_125' title='bbox 1371 1270 1419 1304; x_wconf 89' lang='lat' dir='ltr'>ut</span> <span class='ocrx_word' id='word_1_126' title='bbox 1444 1264 1535 1320; x_wconf 84' lang='lat' dir='ltr'>ejus</span> <span class='ocrx_word' id='word_1_127' title='bbox 1560 1259 1722 1305; x_wconf 86' lang='lat' dir='ltr'>amicus</span> <span class='ocrx_word' id='word_1_128' title='bbox 1746 1270 1869 1318; x_wconf 79' lang='lat' dir='ltr'>esset,</span> 
     </span>
     <span class='ocr_line' id='line_1_16' title="bbox 493 1327 1872 1393; baseline -0.001 -20"><span class='ocrx_word' id='word_1_129' title='bbox 493 1327 602 1373; x_wconf 76' lang='lat' dir='ltr'>dixit</span> <span class='ocrx_word' id='word_1_130' title='bbox 623 1328 768 1392; x_wconf 86' lang='lat' dir='ltr'>etipse</span> <span class='ocrx_word' id='word_1_131' title='bbox 789 1347 800 1374; x_wconf 87' lang='lat'><strong>:</strong></span> <span class='ocrx_word' id='word_1_132' title='bbox 820 1350 840 1370; x_wconf 87' lang='lat'><strong><em>«</em></strong></span> <span class='ocrx_word' id='word_1_133' title='bbox 862 1329 1064 1385; x_wconf 75' lang='lat' dir='ltr'>Domine,</span> <span class='ocrx_word' id='word_1_134' title='bbox 1084 1347 1136 1375; x_wconf 90' lang='lat' dir='ltr'>ne</span> <span class='ocrx_word' id='word_1_135' title='bbox 1160 1340 1322 1386; x_wconf 88' lang='lat' dir='ltr'>statuas</span> <span class='ocrx_word' id='word_1_136' title='bbox 1338 1329 1422 1376; x_wconf 87' lang='lat' dir='ltr'>illis</span> <span class='ocrx_word' id='word_1_137' title='bbox 1439 1329 1526 1377; x_wconf 90' lang='lat' dir='ltr'>hoc</span> <span class='ocrx_word' id='word_1_138' title='bbox 1545 1340 1776 1393; x_wconf 85' lang='lat' dir='ltr'>peccatum</span> <span class='ocrx_word' id='word_1_139' title='bbox 1788 1330 1822 1378; x_wconf 82' lang='lat'>².</span> <span class='ocrx_word' id='word_1_140' title='bbox 1851 1352 1872 1373; x_wconf 83' lang='lat'>›&gt;</span> 
     </span>
     <span class='ocr_line' id='line_1_17' title="bbox 493 1399 1872 1462; baseline 0.003 -19"><span class='ocrx_word' id='word_1_141' title='bbox 493 1399 579 1444; x_wconf 87' lang='lat' dir='ltr'>Sed</span> <span class='ocrx_word' id='word_1_142' title='bbox 603 1400 823 1462; x_wconf 88' lang='lat' dir='ltr'>quomodo</span> <span class='ocrx_word' id='word_1_143' title='bbox 849 1399 986 1447; x_wconf 65' lang='lat' dir='ltr'>dixit?</span> <span class='ocrx_word' id='word_1_144' title='bbox 1012 1402 1159 1448; x_wconf 86' lang='lat' dir='ltr'>Posito</span> <span class='ocrx_word' id='word_1_145' title='bbox 1185 1419 1295 1462; x_wconf 81' lang='lat' dir='ltr'>genu</span> <span class='ocrx_word' id='word_1_146' title='bbox 1314 1400 1361 1446; x_wconf 91' lang='lat' dir='ltr'>in</span> <span class='ocrx_word' id='word_1_147' title='bbox 1392 1410 1518 1448; x_wconf 87' lang='lat' dir='ltr'>terra.</span> <span class='ocrx_word' id='word_1_148' title='bbox 1545 1400 1598 1446; x_wconf 90' lang='lat' dir='ltr'>Se</span> <span class='ocrx_word' id='word_1_149' title='bbox 1618 1412 1734 1447; x_wconf 86' lang='lat' dir='ltr'>stans</span> <span class='ocrx_word' id='word_1_150' title='bbox 1754 1418 1872 1447; x_wconf 88' lang='lat' dir='ltr'>com-</span> 
     </span>
     <span class='ocr_line' id='line_1_18' title="bbox 493 1469 1874 1535; baseline 0.001 -21"><span class='ocrx_word' id='word_1_151' title='bbox 493 1469 714 1516; x_wconf 82' lang='lat' dir='ltr'>mendavit</span> <span class='ocrx_word' id='word_1_152' title='bbox 745 1488 756 1515; x_wconf 91' lang='lat'>:</span> <span class='ocrx_word' id='word_1_153' title='bbox 781 1471 958 1534; x_wconf 87' lang='lat' dir='ltr'>quando</span> <span class='ocrx_word' id='word_1_154' title='bbox 979 1472 1117 1518; x_wconf 87' lang='lat' dir='ltr'>oravit</span> <span class='ocrx_word' id='word_1_155' title='bbox 1136 1488 1217 1535; x_wconf 85' lang='lat' dir='ltr'>pro</span> <span class='ocrx_word' id='word_1_156' title='bbox 1231 1471 1435 1528; x_wconf 78' lang='lat' dir='ltr'>inimicis,</span> <span class='ocrx_word' id='word_1_157' title='bbox 1456 1487 1566 1531; x_wconf 82' lang='lat' dir='ltr'>genu</span> <span class='ocrx_word' id='word_1_158' title='bbox 1588 1471 1691 1518; x_wconf 82' lang='lat' dir='ltr'>fixit.</span> <span class='ocrx_word' id='word_1_159' title='bbox 1726 1471 1874 1527; x_wconf 85' lang='lat' dir='ltr'>Quare</span> 
     </span>
     <span class='ocr_line' id='line_1_19' title="bbox 490 1540 1872 1601; baseline 0.002 -17"><span class='ocrx_word' id='word_1_160' title='bbox 490 1557 533 1585; x_wconf 86' lang='lat' dir='ltr'>se</span> <span class='ocrx_word' id='word_1_161' title='bbox 553 1550 667 1586; x_wconf 86' lang='lat' dir='ltr'>stans</span> <span class='ocrx_word' id='word_1_162' title='bbox 682 1541 1031 1589; x_wconf 66' lang='lat' dir='ltr'>commendavit?</span> <span class='ocrx_word' id='word_1_163' title='bbox 1045 1542 1158 1599; x_wconf 86' lang='lat' dir='ltr'>Quia</span> <span class='ocrx_word' id='word_1_164' title='bbox 1163 1545 1330 1601; x_wconf 87' lang='lat' dir='ltr'>justum</span> <span class='ocrx_word' id='word_1_165' title='bbox 1349 1540 1699 1587; x_wconf 82' lang='lat' dir='ltr'>commendabat.</span> <span class='ocrx_word' id='word_1_166' title='bbox 1726 1540 1872 1597; x_wconf 86' lang='lat' dir='ltr'>Quare</span> 
     </span>
     <span class='ocr_line' id='line_1_20' title="bbox 492 1610 1872 1677; baseline 0.001 -21"><span class='ocrx_word' id='word_1_167' title='bbox 492 1628 573 1676; x_wconf 86' lang='lat' dir='ltr'>pro</span> <span class='ocrx_word' id='word_1_168' title='bbox 612 1610 694 1659; x_wconf 93' lang='lat' dir='ltr'>illis</span> <span class='ocrx_word' id='word_1_169' title='bbox 728 1629 865 1672; x_wconf 80' lang='lat' dir='ltr'>genua</span> <span class='ocrx_word' id='word_1_170' title='bbox 899 1612 1016 1659; x_wconf 67' lang='lat' dir='ltr'>fixit?</span> <span class='ocrx_word' id='word_1_171' title='bbox 1043 1613 1158 1670; x_wconf 83' lang='lat' dir='ltr'>Quia</span> <span class='ocrx_word' id='word_1_172' title='bbox 1185 1630 1265 1677; x_wconf 83' lang='lat' dir='ltr'>pro</span> <span class='ocrx_word' id='word_1_173' title='bbox 1291 1611 1504 1658; x_wconf 85' lang='lat' dir='ltr'>sceleratis</span> <span class='ocrx_word' id='word_1_174' title='bbox 1536 1610 1702 1659; x_wconf 85' lang='lat' dir='ltr'>orabat.</span> <span class='ocrx_word' id='word_1_175' title='bbox 1737 1633 1757 1653; x_wconf 86' lang='lat'>«</span> <span class='ocrx_word' id='word_1_176' title='bbox 1776 1612 1872 1658; x_wconf 90' lang='lat' dir='ltr'>Do·-</span> 
     </span>
     <span class='ocr_line' id='line_1_21' title="bbox 493 1681 1451 1747; baseline 0.003 -21"><span class='ocrx_word' id='word_1_177' title='bbox 493 1702 515 1724; x_wconf 84' lang='lat'>»</span> <span class='ocrx_word' id='word_1_178' title='bbox 539 1681 672 1738; x_wconf 76' lang='lat' dir='ltr'>mine,</span> <span class='ocrx_word' id='word_1_179' title='bbox 693 1700 746 1728; x_wconf 90' lang='lat' dir='ltr'>ne</span> <span class='ocrx_word' id='word_1_180' title='bbox 765 1693 928 1729; x_wconf 87' lang='lat' dir='ltr'>statuas</span> <span class='ocrx_word' id='word_1_181' title='bbox 951 1683 1034 1729; x_wconf 88' lang='lat' dir='ltr'>illis</span> <span class='ocrx_word' id='word_1_182' title='bbox 1053 1683 1140 1729; x_wconf 86' lang='lat' dir='ltr'>hoc</span> <span class='ocrx_word' id='word_1_183' title='bbox 1165 1694 1409 1747; x_wconf 84' lang='lat' dir='ltr'>peceatum.</span> <span class='ocrx_word' id='word_1_184' title='bbox 1431 1704 1451 1724; x_wconf 84' lang='lat'>›&gt;</span> 
     </span>
    </p>

    <p class='ocr_par' dir='ltr' id='par_1_3' title="bbox 481 1752 1935 2598">
     <span class='ocr_line' id='line_1_22' title="bbox 559 1752 1872 1810; baseline 0.002 -14"><span class='ocrx_word' id='word_1_185' title='bbox 559 1753 633 1799; x_wconf 86' lang='lat' dir='ltr'>IV.</span> <span class='ocrx_word' id='word_1_186' title='bbox 665 1753 798 1798; x_wconf 87' lang='lat' dir='ltr'>Putas</span> <span class='ocrx_word' id='word_1_187' title='bbox 822 1754 955 1799; x_wconf 78' lang='lat' dir='ltr'>verba</span> <span class='ocrx_word' id='word_1_188' title='bbox 982 1753 1063 1799; x_wconf 86' lang='lat' dir='ltr'>ista</span> <span class='ocrx_word' id='word_1_189' title='bbox 1087 1753 1256 1800; x_wconf 83' lang='lat' dir='ltr'>audivit</span> <span class='ocrx_word' id='word_1_190' title='bbox 1281 1752 1462 1799; x_wconf 67' lang='lat' dir='ltr'>Saulus?</span> <span class='ocrx_word' id='word_1_191' title='bbox 1492 1752 1688 1810; x_wconf 81' lang='lat' dir='ltr'>Audivit,</span> <span class='ocrx_word' id='word_1_192' title='bbox 1712 1752 1785 1799; x_wconf 88' lang='lat' dir='ltr'>sed</span> <span class='ocrx_word' id='word_1_193' title='bbox 1808 1752 1872 1799; x_wconf 89' lang='lat' dir='ltr'>ir-</span> 
     </span>
     <span class='ocr_line' id='line_1_23' title="bbox 490 1823 1935 1889; baseline 0 -19"><span class='ocrx_word' id='word_1_194' title='bbox 490 1823 584 1871; x_wconf 81' lang='lat' dir='ltr'>risit</span> <span class='ocrx_word' id='word_1_195' title='bbox 613 1841 624 1869; x_wconf 88' lang='lat'>:</span> <span class='ocrx_word' id='word_1_196' title='bbox 652 1834 856 1870; x_wconf 84' lang='lat' dir='ltr'>ettamen</span> <span class='ocrx_word' id='word_1_197' title='bbox 874 1824 1181 1871; x_wconf 87' lang='lat' dir='ltr'>adorationem</span> <span class='ocrx_word' id='word_1_198' title='bbox 1195 1824 1407 1889; x_wconf 82' lang='lat' dir='ltr'>Stephani</span> <span class='ocrx_word' id='word_1_199' title='bbox 1426 1824 1686 1888; x_wconf 76' lang='lat' dir='ltr'>pertinebat.</span> <span class='ocrx_word' id='word_1_200' title='bbox 1711 1824 1871 1870; x_wconf 89' lang='lat' dir='ltr'>Adhuc</span> <span class='ocrx_word' id='word_1_201' title='bbox 1934 1834 1935 1886; x_wconf 59' lang='lat' dir='ltr'>J</span> 
     </span>
     <span class='ocr_line' id='line_1_24' title="bbox 489 1894 1927 1960; baseline 0.001 -20"><span class='ocrx_word' id='word_1_202' title='bbox 489 1895 791 1956; x_wconf 76' lang='lat' dir='ltr'>grassabatur,</span> <span class='ocrx_word' id='word_1_203' title='bbox 826 1906 868 1940; x_wconf 90' lang='lat' dir='ltr'>et</span> <span class='ocrx_word' id='word_1_204' title='bbox 895 1898 985 1956; x_wconf 80' lang='lat' dir='ltr'>jam</span> <span class='ocrx_word' id='word_1_205' title='bbox 1017 1913 1098 1959; x_wconf 87' lang='lat' dir='ltr'>pro</span> <span class='ocrx_word' id='word_1_206' title='bbox 1133 1895 1209 1941; x_wconf 89' lang='lat' dir='ltr'>illo</span> <span class='ocrx_word' id='word_1_207' title='bbox 1242 1895 1492 1959; x_wconf 85' lang='lat' dir='ltr'>Stephanus</span> <span class='ocrx_word' id='word_1_208' title='bbox 1537 1894 1865 1943; x_wconf 82' lang='lat' dir='ltr'>exaudiebatur.</span> <span class='ocrx_word' id='word_1_209' title='bbox 1924 1934 1927 1960; x_wconf 33' lang='grc' dir='ltr'><em>ξ</em></span> 
     </span>
     <span class='ocr_line' id='line_1_25' title="bbox 493 1965 1870 2030; baseline 0.001 -19"><span class='ocrx_word' id='word_1_210' title='bbox 493 1965 636 2011; x_wconf 85' lang='lat' dir='ltr'>Nostis</span> <span class='ocrx_word' id='word_1_211' title='bbox 659 1966 774 2011; x_wconf 86' lang='lat' dir='ltr'>enim</span> <span class='ocrx_word' id='word_1_212' title='bbox 805 1969 894 2026; x_wconf 87' lang='lat' dir='ltr'>jam</span> <span class='ocrx_word' id='word_1_213' title='bbox 912 2003 923 2022; x_wconf 84' lang='lat'><strong><em>‚</em></strong></span> <span class='ocrx_word' id='word_1_214' title='bbox 947 1977 996 2011; x_wconf 88' lang='lat' dir='ltr'>ut</span> <span class='ocrx_word' id='word_1_215' title='bbox 1021 1966 1186 2030; x_wconf 89' lang='lat' dir='ltr'>aliquid</span> <span class='ocrx_word' id='word_1_216' title='bbox 1212 1966 1355 2013; x_wconf 89' lang='lat' dir='ltr'>dicam</span> <span class='ocrx_word' id='word_1_217' title='bbox 1379 1966 1432 2012; x_wconf 91' lang='lat' dir='ltr'>de</span> <span class='ocrx_word' id='word_1_218' title='bbox 1466 1965 1596 2012; x_wconf 86' lang='lat' dir='ltr'>Saulo</span> <span class='ocrx_word' id='word_1_219' title='bbox 1614 2004 1624 2022; x_wconf 83' lang='grc'><em>,</em></span> <span class='ocrx_word' id='word_1_220' title='bbox 1653 1976 1694 2012; x_wconf 88' lang='lat' dir='ltr'>et</span> <span class='ocrx_word' id='word_1_221' title='bbox 1722 1977 1870 2030; x_wconf 86' lang='lat' dir='ltr'>postea</span> 
     </span>
     <span class='ocr_line' id='line_1_26' title="bbox 490 2036 1925 2101; baseline 0.001 -19"><span class='ocrx_word' id='word_1_222' title='bbox 490 2037 655 2089; x_wconf 87' lang='lat' dir='ltr'>Paulo;</span> <span class='ocrx_word' id='word_1_223' title='bbox 678 2036 826 2100; x_wconf 86' lang='lat' dir='ltr'>utique</span> <span class='ocrx_word' id='word_1_224' title='bbox 845 2037 979 2082; x_wconf 89' lang='lat' dir='ltr'>nostis</span> <span class='ocrx_word' id='word_1_225' title='bbox 1001 2055 1012 2082; x_wconf 73' lang='grc' dir='ltr'>ι</span> <span class='ocrx_word' id='word_1_226' title='bbox 1036 2037 1081 2082; x_wconf 91' lang='lat' dir='ltr'>in</span> <span class='ocrx_word' id='word_1_227' title='bbox 1094 2037 1245 2083; x_wconf 83' lang='lat' dir='ltr'>eodem</span> <span class='ocrx_word' id='word_1_228' title='bbox 1264 2037 1379 2083; x_wconf 87' lang='lat' dir='ltr'>libro</span> <span class='ocrx_word' id='word_1_229' title='bbox 1390 2037 1603 2101; x_wconf 86' lang='lat' dir='ltr'>scriptum</span> <span class='ocrx_word' id='word_1_230' title='bbox 1619 2048 1698 2094; x_wconf 80' lang='lat' dir='ltr'>est,</span> <span class='ocrx_word' id='word_1_231' title='bbox 1719 2054 1871 2101; x_wconf 86' lang='lat' dir='ltr'>quem-</span> <span class='ocrx_word' id='word_1_232' title='bbox 1924 2056 1925 2059; x_wconf 47' lang='lat'>¹</span> 
     </span>
     <span class='ocr_line' id='line_1_27' title="bbox 492 2106 1871 2173; baseline 0 -19"><span class='ocrx_word' id='word_1_233' title='bbox 492 2106 729 2154; x_wconf 83' lang='lat' dir='ltr'>admodum</span> <span class='ocrx_word' id='word_1_234' title='bbox 746 2106 978 2152; x_wconf 84' lang='lat' dir='ltr'>crediderit</span> <span class='ocrx_word' id='word_1_235' title='bbox 994 2107 1170 2155; x_wconf 87' lang='lat' dir='ltr'>Paulus.</span> <span class='ocrx_word' id='word_1_236' title='bbox 1187 2108 1345 2155; x_wconf 82' lang='lat' dir='ltr'>Occiso</span> <span class='ocrx_word' id='word_1_237' title='bbox 1365 2108 1587 2173; x_wconf 84' lang='lat' dir='ltr'>Stephano</span> <span class='ocrx_word' id='word_1_238' title='bbox 1603 2109 1871 2173; x_wconf 84' lang='lat' dir='ltr'>persecutio-</span> 
     </span>
     <span class='ocr_line' id='line_1_28' title="bbox 488 2177 1870 2243; baseline 0.001 -20"><span class='ocrx_word' id='word_1_239' title='bbox 488 2195 583 2224; x_wconf 86' lang='lat' dir='ltr'>nem</span> <span class='ocrx_word' id='word_1_240' title='bbox 595 2177 814 2238; x_wconf 83' lang='lat' dir='ltr'>gravissim</span> <span class='ocrx_word' id='word_1_241' title='bbox 821 2195 888 2223; x_wconf 86' lang='lat' dir='ltr'>am</span> <span class='ocrx_word' id='word_1_242' title='bbox 900 2177 1089 2223; x_wconf 75' lang='lat' dir='ltr'>Ecclesia</span> <span class='ocrx_word' id='word_1_243' title='bbox 1098 2178 1509 2243; x_wconf 50' lang='lat' dir='ltr'>Jerosolymisfpassa</span> <span class='ocrx_word' id='word_1_244' title='bbox 1518 2189 1592 2226; x_wconf 84' lang='lat' dir='ltr'>est.</span> <span class='ocrx_word' id='word_1_245' title='bbox 1604 2179 1758 2239; x_wconf 82' lang='lat' dir='ltr'>Fugati</span> <span class='ocrx_word' id='word_1_246' title='bbox 1770 2189 1870 2225; x_wconf 87' lang='lat' dir='ltr'>sunt</span> 
     </span>
     <span class='ocr_line' id='line_1_29' title="bbox 490 2248 1870 2312; baseline 0 -17"><span class='ocrx_word' id='word_1_247' title='bbox 490 2249 658 2305; x_wconf 75' lang='lat' dir='ltr'>fratres,</span> <span class='ocrx_word' id='word_1_248' title='bbox 683 2248 758 2312; x_wconf 87' lang='lat' dir='ltr'>qui</span> <span class='ocrx_word' id='word_1_249' title='bbox 782 2248 845 2293; x_wconf 85' lang='lat' dir='ltr'>ibi</span> <span class='ocrx_word' id='word_1_250' title='bbox 869 2259 992 2293; x_wconf 86' lang='lat' dir='ltr'>erant</span> <span class='ocrx_word' id='word_1_251' title='bbox 1019 2266 1029 2293; x_wconf 89' lang='lat'>:</span> <span class='ocrx_word' id='word_1_252' title='bbox 1054 2248 1133 2293; x_wconf 87' lang='lat' dir='ltr'>soli</span> <span class='ocrx_word' id='word_1_253' title='bbox 1160 2248 1355 2312; x_wconf 81' lang='lat' dir='ltr'>Apostoli</span> <span class='ocrx_word' id='word_1_254' title='bbox 1381 2259 1701 2303; x_wconf 80' lang='lat' dir='ltr'>remanserunt3</span> <span class='ocrx_word' id='word_1_255' title='bbox 1724 2249 1870 2295; x_wconf 81' lang='lat' dir='ltr'>caeteri</span> 
     </span>
     <span class='ocr_line' id='line_1_30' title="bbox 491 2317 1869 2384; baseline 0.001 -19"><span class='ocrx_word' id='word_1_256' title='bbox 491 2320 759 2379; x_wconf 66' lang='lat' dir='ltr'>,fugabantur</span> <span class='ocrx_word' id='word_1_257' title='bbox 780 2318 813 2365; x_wconf 76' lang='lat'>3.</span> <span class='ocrx_word' id='word_1_258' title='bbox 842 2317 926 2364; x_wconf 85' lang='lat' dir='ltr'>Sed</span> <span class='ocrx_word' id='word_1_259' title='bbox 956 2329 1165 2382; x_wconf 83' lang='lat' dir='ltr'>tanquam</span> <span class='ocrx_word' id='word_1_260' title='bbox 1194 2319 1389 2365; x_wconf 84' lang='lat' dir='ltr'>ardentes</span> <span class='ocrx_word' id='word_1_261' title='bbox 1410 2319 1522 2366; x_wconf 86' lang='lat' dir='ltr'>faces</span> <span class='ocrx_word' id='word_1_262' title='bbox 1543 2357 1553 2376; x_wconf 81' lang='grc'><em>,</em></span> <span class='ocrx_word' id='word_1_263' title='bbox 1590 2337 1869 2384; x_wconf 88' lang='lat' dir='ltr'>quocumque</span> 
     </span>
     <span class='ocr_line' id='line_1_31' title="bbox 488 2388 1925 2454; baseline 0.001 -18"><span class='ocrx_word' id='word_1_264' title='bbox 488 2389 746 2445; x_wconf 72' lang='lat' dir='ltr'>veniebant,</span> <span class='ocrx_word' id='word_1_265' title='bbox 783 2388 1095 2436; x_wconf 84' lang='lat' dir='ltr'>accendebant.</span> <span class='ocrx_word' id='word_1_266' title='bbox 1128 2389 1261 2435; x_wconf 88' lang='lat' dir='ltr'>Stulti</span> <span class='ocrx_word' id='word_1_267' title='bbox 1295 2389 1466 2443; x_wconf 72' lang='lat' dir='ltr'>Judaei‚</span> <span class='ocrx_word' id='word_1_268' title='bbox 1496 2389 1673 2453; x_wconf 86' lang='lat' dir='ltr'>quando</span> <span class='ocrx_word' id='word_1_269' title='bbox 1704 2390 1797 2436; x_wconf 91' lang='lat' dir='ltr'>illos</span> <span class='ocrx_word' id='word_1_270' title='bbox 1816 2391 1869 2437; x_wconf 90' lang='lat' dir='ltr'>de</span> <span class='ocrx_word' id='word_1_271' title='bbox 1923 2432 1925 2454; x_wconf 27' lang='grc' dir='ltr'><strong>ἶ</strong></span> 
     </span>
     <span class='ocr_line' id='line_1_32' title="bbox 481 2459 1925 2525; baseline 0.001 -18"><span class='ocrx_word' id='word_1_272' title='bbox 481 2459 758 2524; x_wconf 78' lang='lat' dir='ltr'>Jerosolymis</span> <span class='ocrx_word' id='word_1_273' title='bbox 791 2459 1030 2519; x_wconf 80' lang='lat' dir='ltr'>fugabant,</span> <span class='ocrx_word' id='word_1_274' title='bbox 1057 2461 1268 2506; x_wconf 82' lang='lat' dir='ltr'>carbones</span> <span class='ocrx_word' id='word_1_275' title='bbox 1306 2461 1415 2521; x_wconf 83' lang='lat' dir='ltr'>ignis</span> <span class='ocrx_word' id='word_1_276' title='bbox 1446 2461 1490 2507; x_wconf 92' lang='lat' dir='ltr'>in</span> <span class='ocrx_word' id='word_1_277' title='bbox 1528 2460 1694 2525; x_wconf 57' lang='lat' dir='ltr'>sylvam</span> <span class='ocrx_word' id='word_1_278' title='bbox 1718 2462 1867 2508; x_wconf 86' lang='lat' dir='ltr'>mitte-</span> <span class='ocrx_word' id='word_1_279' title='bbox 1922 2463 1925 2503; x_wconf 65' lang='grc' dir='ltr'>ἴ</span> 
     </span>
     <span class='ocr_line' id='line_1_33' title="bbox 484 2530 1925 2598; baseline 0.002 -19"><span class='ocrx_word' id='word_1_280' title='bbox 484 2533 608 2580; x_wconf 87' lang='lat' dir='ltr'>bant.</span> <span class='ocrx_word' id='word_1_281' title='bbox 637 2530 796 2577; x_wconf 87' lang='lat' dir='ltr'>Adhuc</span> <span class='ocrx_word' id='word_1_282' title='bbox 816 2530 988 2586; x_wconf 80' lang='lat' dir='ltr'>Saulus,</span> <span class='ocrx_word' id='word_1_283' title='bbox 1013 2532 1193 2595; x_wconf 85' lang='lat' dir='ltr'>quinon</span> <span class='ocrx_word' id='word_1_284' title='bbox 1221 2532 1388 2578; x_wconf 78' lang='lat' dir='ltr'>suffecit</span> <span class='ocrx_word' id='word_1_285' title='bbox 1408 2532 1576 2582; x_wconf 84' lang='lat' dir='ltr'>occisus</span> <span class='ocrx_word' id='word_1_286' title='bbox 1595 2533 1863 2598; x_wconf 83' lang='lat' dir='ltr'>Stephanus,</span> <span class='ocrx_word' id='word_1_287' title='bbox 1923 2541 1925 2582; x_wconf 71' lang='grc' dir='ltr'>Ξ</span> 
     </span>
    </p>
   </div>
   <div class='ocr_carea' id='block_1_3' title="bbox 536 2619 1452 2666">
    <p class='ocr_par' dir='ltr' id='par_1_4' title="bbox 536 2619 1452 2666">
     <span class='ocr_line' id='line_1_34' title="bbox 536 2619 1452 2666; baseline 0.003 -13"><span class='ocrx_word' id='word_1_288' title='bbox 536 2622 766 2664; x_wconf 63' lang='lat' dir='ltr'>¹Ae1,11,37‚</span> <span class='ocrx_word' id='word_1_289' title='bbox 796 2622 851 2657; x_wconf 80' lang='lat'>38.</span> <span class='ocrx_word' id='word_1_290' title='bbox 873 2619 1009 2656; x_wconf 76' lang='lat' dir='ltr'>-21d.</span> <span class='ocrx_word' id='word_1_291' title='bbox 1029 2634 1085 2666; x_wconf 73' lang='lat' dir='ltr'>u«,</span> <span class='ocrx_word' id='word_1_292' title='bbox 1103 2623 1156 2665; x_wconf 85' lang='lat'>59.</span> <span class='ocrx_word' id='word_1_293' title='bbox 1175 2620 1247 2648; x_wconf 71' lang='grc'>-3</span> <span class='ocrx_word' id='word_1_294' title='bbox 1267 2622 1316 2656; x_wconf 83' lang='lat' dir='ltr'>Id.</span> <span class='ocrx_word' id='word_1_295' title='bbox 1332 2634 1406 2666; x_wconf 68' lang='lat' dir='ltr'>vm,</span> <span class='ocrx_word' id='word_1_296' title='bbox 1423 2634 1452 2659; x_wconf 82' lang='lat'>1.</span> 
     </span>
    </p>
   </div>
   <div class='ocr_carea' id='block_1_4' title="bbox 1921 2161 1927 3146">
    <p class='ocr_par' dir='ltr' id='par_1_5' title="bbox 1921 2161 1927 3146">
     <span class='ocr_line' id='line_1_35' title="bbox 1921 2161 1927 3146; baseline 0 0"><span class='ocrx_word' id='word_1_297' title='bbox 1921 2161 1927 3146; x_wconf 95' lang='lat' dir='ltr'> </span> 
     </span>
    </p>
   </div>
   <div class='ocr_carea' id='block_1_5' title="bbox 1913 1784 1942 3272">
    <p class='ocr_par' dir='ltr' id='par_1_6' title="bbox 1913 1784 1942 3272">
     <span class='ocr_line' id='line_1_36' title="bbox 1913 1784 1942 3272; baseline 0 0"><span class='ocrx_word' id='word_1_298' title='bbox 1913 1784 1942 3272; x_wconf 95' lang='lat' dir='ltr'> </span> 
     </span>
    </p>
   </div>
  </div>
 </body>
</html>
