1863 3246
213 324 357 356 sEmro
393 322 616 363 cchxm,
654 322 709 353 DE
745 323 1010 354 NAT1v1TATE
1046 324 1225 359 nomm.
1333 313 1425 361 505

53 390 269 437 untariam
291 389 472 454 pertulit
499 388 765 451 passionem3
790 406 1010 449 resurgens
1033 389 1285 454 dispositam
1306 392 1428 439 (luxit

52 478 240 508 uxorem.
285 462 338 506 In
375 470 495 506 utero
525 459 703 518 virginis
731 459 971 504 humanam
1001 477 1173 506 carnem
1201 462 1318 509 velut
1354 481 1428 509 ar-

50 529 177 576 rham
192 529 360 594 accepit
381 547 391 575 :
414 529 461 574 in
477 545 604 574 cruce
633 528 982 591 pretiosissimam
1019 529 1163 576 dotem
1185 548 1308 578 suum
1328 550 1430 579 san-

39 601 224 660 ·guinem
270 599 386 645 fudit
419 616 429 644 ε
469 599 515 644 in
552 599 861 644 resurrectione
899 610 1027 662 atque
1073 602 1315 647 ascensione
1357 621 1432 649 sua

51 672 199 717 aeterni
218 672 484 717 matrimonii
521 670 686 716 foedera
704 671 939 718 roboravit.
973 693 994 713 «
1017 673 1220 718 Ascendit
1242 674 1356 719 enim
1383 676 1427 720 in

49 763 70 784 »
94 741 253 798 altum,
287 742 508 806 captivam
543 741 665 786 duxit
693 742 1018 805 captivitatem,
1053 742 1171 788 dedit
1203 743 1316 790 dona
1346 745 1425 790 ho-

50 813 284 858 »minibus
311 812 344 859 1.
401 833 421 855 >³
470 812 582 868 Quae
625 811 781 857 dona?
831 812 1045 876 Spiritum
1083 825 1279 860 sanctum
1303 853 1315 872 ,
1350 833 1429 879 per

49 899 179 945 quem
217 883 373 928 diffusa
411 882 618 927 humanis
658 882 876 928 mentibus
924 883 1161 939 charitate,
1200 885 1426 948 insepara-

48 952 196 998 biliter
238 953 413 998 Christo
464 963 671 1016 tanquam
713 953 806 999 viro
861 970 936 999 suo
981 953 1165 999 adhaesit
1212 956 1418 1003 Ecclesia.

48 1022 261 1068 Processit
289 1040 388 1083 ergo
417 1022 548 1068 hodie
569 1034 778 1086 tanquam
802 1040 984 1086 sponsus
1008 1023 1060 1069 de
1084 1041 1204 1069 sacro
1234 1025 1428 1071 thalamo

49 1109 148 1148 suo,
184 1103 225 1137 et
242 1093 354 1138 sicut
382 1092 605 1156 exequitur
626 1093 821 1138 Psalmus
839 1111 849 1138 ε
867 1115 886 1135 c<
907 1093 1124 1139 Exultax'it
1149 1106 1195 1140 ut
1227 1096 1340 1155 gigas
1378 1095 1432 1140 ad

49 1183 70 1204 >2
88 1162 345 1208 currendam
366 1164 494 1209 viam.
519 1185 538 1204 «
559 1164 774 1208 Processit
795 1174 842 1208 ut
861 1181 1059 1227 sponstffi,
1081 1165 1281 1210 exultavit
1304 1176 1349 1210 ut
1368 1166 1429 1225 gi-

11 1285 15 1290 ,
48 1250 133 1293 gas.
169 1233 362 1278 Pulcher
385 1244 427 1278 et
450 1233 603 1278 sor-tis:
633 1234 836 1297 pulcher,
870 1245 918 1280 ut
952 1252 1165 1298 sponsus:
1201 1236 1347 1291 sortis,
1380 1247 1428 1282 ut

48 1303 177 1363 gigas,
207 1303 415 1359 Pulcher,
437 1314 485 1349 ut
512 1315 707 1349 ametur:
736 1305 883 1359 fortis,
905 1316 953 1350 ut
970 1306 1184 1353 timeatur.
1218 1306 1425 1363 Pulcher,

48 1383 97 1418 ut
115 1373 338 1436 placeret:
366 1373 509 1428 fortis,
542 1383 591 1418 ut
620 1374 825 1420 vinceret.
852 1374 940 1418 Ubi
964 1374 1182 1421 invenitur
1209 1375 1254 1420 in
1282 1376 1429 1439 Scrip-

0 1448 1 1466 ³
49 1444 156 1490 turis
178 1445 307 1490 sacris
335 1444 480 1507 sponsi
508 1443 631 1489 istius
661 1443 979 1506 pulchritudo?
1000 1467 1018 1485 «
1040 1446 1268 1508 Speciosus
1293 1446 1431 1492 forma

50 1535 70 1556 ))
86 1531 179 1577 prae
219 1513 319 1559 filiis
342 1513 571 1561 hominum
595 1531 606 1559 t
636 1513 866 1559 diffusacst
892 1515 1026 1573 gratia
1047 1515 1090 1559 in
1114 1514 1240 1560 labiis
1257 1516 1337 1561 tuis
1350 1516 1381 1562 3.
1408 1538 1428 1557 «

50 1584 137 1630 [tbi
162 1579 383 1631 invenitur
401 1584 584 1644 gigantis
606 1584 849 1630 fortitudo)
872 1606 890 1625 «
913 1585 1125 1630 Dominus
1145 1586 1265 1631 sortis
1284 1597 1325 1631 ct
1345 1604 1428 1649 po-

50 1676 70 1696 »
86 1665 204 1711 tens,
231 1655 442 1700 Dominus
462 1666 614 1718 potens
639 1655 683 1699 in
710 1653 908 1717 p1·aelio‘⁸.
937 1677 956 1695 »
987 1656 1226 1718 [trumque
1259 1667 1426 1712 autem,

48 1724 93 1770 id
119 1735 204 1779 est,
231 1735 274 1769 et
295 1724 674 1788 pulchritudinem
706 1734 747 1768 ct
776 1723 1075 1769 fortitudinem
1105 1725 1148 1770 in
1175 1742 1224 1770 eo
1262 1726 1429 1771 viderat

48 1794 363 1841 etintcllexerat
378 1795 508 1840 lsa'ias
521 1832 532 1847 ,
550 1812 650 1840 cum
663 1794 837 1839 (licebat
856 1812 866 1839 :
891 1816 909 1835 «
924 1796 1032 1851 Quis
1043 1806 1105 1841 est
1122 1796 1198 1842 iste
1212 1797 1287 1859 qui
1301 1796 1427 1841 adw-

51 1887 71 1906 »
92 1865 155 1910 nit
176 1882 222 1910 ex
250 1864 415 1921 Edoni,
454 1864 589 1910 rubor
622 1865 975 1910 vestinwntorum
1001 1869 1091 1924 ejus
1119 1883 1165 1910 ex
1184 1867 1333 1918 Bosor,
1370 1867 1429 1911 sic

51 1955 72 1976 ›>
91 1934 306 1999 speciosus
337 1934 383 1980 in
417 1934 525 1980 stola
556 1934 798 1980 vestimenti
831 1951 930 1979 cum
959 1934 1275 1980 fortitudine5.q
1298 1957 1316 1974 »
1342 1936 1422 1979 lste

46 2021 146 2064 ergo
168 2004 402 2068 Propheta,
427 2004 502 2067 qui
521 2014 562 2048 et
580 2004 821 2067 speciosum
842 2004 946 2049 dixit
964 2015 1004 2048 et
1022 2005 1193 2056 sortem,
1220 2021 1425 2068 sponsum

48 2086 227 2122 noverat
250 2086 290 2120 ct
316 2075 547 2135 gigantem.

112 2147 195 2194 lll.
240 2147 370 2206 Ergo,
392 2145 654 2201 charissimi,
671 2166 691 2187 «
712 2144 929 2191 Exultavit
954 2156 1001 2190 ut
1026 2144 1142 2205 gigas
1167 2144 1219 2190 ad
1245 2162 1428 2191 curren-

46 2238 67 2260 »
91 2215 191 2261 clam
216 2216 347 2262 viam.
381 2237 401 2257 »
427 2216 570 2271 Quam
596 2216 734 2270 viam,
761 2216 840 2261 nisi
868 2215 1092 2261 mortalem
1116 2215 1229 2260 viam
1254 2253 1263 2266 ,
1296 2233 1427 2279 quam

47 2285 248 2345 dignatus
270 2295 332 2330 est
356 2285 583 2331 nobiscum
610 2284 772 2330 habere
798 2302 1069 2330 communem
1087 2288 1106 2330 ἶ)
1134 2285 1231 2346 lpsa
1253 2296 1313 2329 est
1338 2287 1422 2333 via.

46 2373 123 2419 per
149 2372 278 2418 quam
304 2371 438 2414 genus
468 2354 708 2399 humanum
735 2356 899 2402 transit.
939 2356 1179 2400 'l'ranseunt
1203 2356 1317 2399 enim
1352 2372 1427 2417 per

45 2442 137 2469 eam
173 2425 383 2471 veniendo
418 2435 659 2475 nascentes,
700 2435 735 2468 vt
772 2425 1043 2470 abscedendo
1087 2425 1326 2470 morientes.
1373 2425 1424 2469 lit

46 2495 122 2539 iste
154 2496 316 2555 generis
347 2495 525 2541 humani
557 2495 713 2540 fluvius
744 2495 799 2540 ab
824 2495 947 2541 initio
983 2510 1113 2557 usque
1148 2494 1190 2538 in
1219 2491 1344 2538 linem
1375 2511 1422 2540 ex

95 2593 206 2627 1ΙᾺιιΙ.
224 2605 324 2637 cxvii,
351 2605 400 2636 ¹9·
416 2612 461 2618 —
479 2593 554 2627 ²1d.
572 2605 661 2631 xviii,
686 2595 717 2626 6.
740 2613 783 2619 —-
798 2591 811 2618 ³
826 2595 873 2628 ld.
894 2608 985 2633 nav,
1012 2597 1039 2626 3.
1064 2611 1108 2618 --
1127 2591 1327 2632 ⁴1d.xxui,
1347 2595 1424 2627 ⁸.—

45 2645 59 2669 ⁵
75 2646 144 2678 lnu'i.
164 2656 261 2684 Lxut,
287 2658 311 2678 1.
