1942 3272
462 285 555 342 458
882 310 917 340 s.
961 308 1209 339 Auousnm
1244 309 1447 343 EPIscoPI

457 378 665 432 tanquam
699 371 842 420 hostes
879 393 901 420 a
933 385 1047 435 tergo
1076 375 1371 438 insequentes,
1400 378 1623 440 praeterita
1655 389 1837 442 peccata

459 437 658 487 delentur
685 460 695 487 z
731 444 790 489 sic
828 456 926 508 post
961 446 1258 508 baptismum„
1294 446 1339 491 in
1371 447 1522 493 itinere
1548 449 1648 494 vitae
1673 449 1832 509 hujus,

459 526 557 556 cum
584 530 722 559 escam
748 517 980 579 spiritalem
1003 517 1317 562 manducamus
1334 555 1344 571 ,
1366 529 1408 563 et
1424 530 1577 581 potum
1597 521 1833 583 spiritalem

459 579 676 638 bibimus,
709 587 852 632 onmia
879 588 1004 632 nobis
1040 587 1309 633 adversantia
1347 606 1613 651 superamus.
1662 591 1836 637 Terruit

459 668 624 715 quippe
659 654 857 702 inimicos
893 658 975 703 viae
1000 668 1158 702 nosti-ze
1186 675 1343 702 nomen
1369 659 1646 721 Imperatoris
1680 662 1827 709 nostri.

457 722 584 767 Prius
608 725 721 771 enim
751 730 927 774 surrexit
962 729 1022 774 ira
1058 729 1248 788 gentium
1286 729 1340 774 ad
1376 730 1649 792 perdendum
1677 748 1835 777 nomen

459 792 770 851 christianum3
804 797 878 844 uhi
909 812 1050 844 autem
1081 799 1144 844 ira
1166 798 1276 843 nihil
1296 800 1442 862 potuit
1461 837 1471 855 ‚
1493 817 1697 847 conversa
1712 812 1774 847 est
1790 803 1835 848 in

457 861 673 922 dolorem,
700 878 741 912 et
772 871 907 929 magis
936 870 1157 932 magisque
1182 869 1267 914 fide
1297 881 1512 915 crescente
1543 882 1672 934 atque
1698 889 1835 918 oecu-

455 946 587 996 pante
607 939 748 984 omnia
764 978 774 992 ,
804 940 926 986 dolor
959 957 1188 985 conversus
1213 951 1274 985 est
1302 940 1346 985 in
1371 941 1595 995 timorem;
1622 953 1671 987 ut
1697 953 1739 987 et
1757 959 1834 988 su-

456 1005 581 1065 perbi
608 1007 738 1067 hujus
772 1011 915 1057 szcculi
951 1021 1157 1073 tanquam
1195 1010 1386 1056 volatilia
1408 1011 1537 1067 coeli,
1570 1012 1652 1057 sub
1678 1013 1833 1058 umbra

457 1073 581 1121 oleris
600 1078 739 1132 illius,
769 1082 887 1145 quod
919 1100 965 1127 ex
987 1081 1274 1126 minutissimo
1301 1099 1433 1141 grano
1464 1083 1623 1146 sinapis
1646 1083 1833 1129 multum

456 1148 592 1192 crevit
609 1186 619 1204 ‚
642 1152 853 1212 refugium
879 1153 1280 1216 protectionemque
1308 1153 1582 1215 conquirant.
1616 1153 1687 1198 Sic
1719 1164 1760 1198 et
1787 1154 1832 1199 in

456 1215 541 1263 hoc
565 1222 752 1278 cantico,
777 1224 852 1269 uhi
871 1234 1266 1269 commemorantur
1286 1240 1331 1268 ea
1350 1261 1360 1279 ‚
1382 1240 1481 1286 quae
1498 1234 1603 1268 tunc
1627 1223 1672 1268 in
1694 1224 1831 1283 figura

456 1290 769 1351 contingebant
802 1295 846 1340 in
883 1294 988 1343 illis.
1021 1304 1211 1339 servatus
1234 1305 1296 1339 est
1315 1294 1422 1339 ordo
1448 1294 1546 1349 irae,
1575 1294 1762 1350 doloris,
1790 1305 1832 1340 et

458 1358 623 1406 timoris
647 1364 855 1421 gentium.
901 1386 919 1404 «
954 1364 1221 1419 Audierunt,
1247 1364 1415 1426 inquit,
1451 1375 1618 1423 gentesq
1645 1375 1686 1409 et
1708 1365 1831 1410 iratae

456 1449 476 1469 >2
496 1441 623 1484 sunt3
646 1432 813 1479 dolores
836 1434 1261 1497 comprel‘ienderunt
1279 1434 1546 1479 habitatores
1575 1434 1822 1481 philistiim.

454 1519 474 1540 »
498 1500 622 1546 Tunc
659 1503 995 1557 festinaverunt,
1037 1504 1082 1549 id
1114 1515 1204 1551 est.
1244 1504 1493 1549 conturbati
1533 1515 1655 1561 sunt,
1698 1505 1829 1550 duces

455 1590 474 1609 υ
494 1570 632 1615 Edoni
647 1610 656 1625 ‚
680 1585 721 1619 et
744 1575 966 1638 principes
995 1574 1139 1619 Moahi
1149 1585 1287 1619 tarum
1310 1591 1321 1619 ε
1345 1574 1637 1637 apprehendit
1659 1592 1728 1620 eos
1746 1585 1827 1620 tre-

452 1659 472 1680 »
493 1658 587 1686 mor
611 1660 621 1687 :
652 1645 884 1690 tabuerunt
904 1662 1049 1691 omnes
1073 1645 1369 1690 inhabitantes
1394 1645 1618 1691 Chanaan.
1646 1646 1827 1691 Incum—

453 1731 472 1750 ³>
490 1711 568 1756 bat
591 1712 635 1757 in
658 1731 727 1759 eos
752 1726 937 1771 tremor,
964 1726 1005 1759 et
1039 1716 1166 1760 timor
1206 1715 1516 1774 magnitudinis
1541 1715 1714 1760 brachii
1740 1717 1820 1762 tui.

452 1801 472 1821 »
494 1782 617 1828 Fiant
639 1795 844 1848 tanquam
873 1786 1063 1849 lapides,
1101 1785 1239 1831 donec
1271 1796 1456 1831 transeat
1487 1785 1677 1849 populus
1702 1796 1822 1843 tuus,

451 1873 470 1893 »
493 1854 675 1900 Domine
693 1893 704 1905 .
731 1856 869 1902 donec
904 1867 1093 1902 transeat
1120 1856 1312 1920 populus
1346 1867 1445 1902 tuus
1468 1856 1566 1913 hic,
1595 1873 1723 1919 quem
1748 1873 1825 1902 ac-

451 1944 471 1963 ³>
489 1924 701 1986 quisisti1.
737 1948 756 1968 >³
789 1928 860 1973 Sic
896 1927 1059 1973 factum
1087 1938 1176 1983 est,
1206 1927 1267 1972 sic
1303 1928 1367 1974 fit.
1410 1927 1706 1972 Admiratione
1730 1937 1825 1973 stu*

449 2004 598 2057 pentes
636 2006 841 2060 tanquam
871 1997 1038 2060 lapides
1079 1997 1191 2042 fiunt
1224 1997 1388 2042 inimici
1422 1997 1649 2051 Ecclesiae,
1687 1997 1825 2043 donec

448 2075 712 2112 transeamus
737 2068 791 2113 ad
818 2069 1019 2131 patriam.
1053 2067 1137 2113 Sed
1162 2078 1203 2113 et
1226 2068 1300 2130 qui
1327 2068 1518 2113 resistere
1538 2068 1820 2124 tentaverint,

448 2136 559 2181 sicut
583 2147 688 2182 tunc
712 2139 919 2184 Amalech
943 2139 1120 2183 extentis
1147 2139 1348 2184 manibus
1377 2139 1511 2201 Moysi
1531 2176 1541 2194 ‚
1568 2138 1626 2183 ita
1645 2138 1823 2183 nuncin

448 2207 568 2265 signo
591 2208 732 2253 crucis
757 2209 999 2254 'Dominicae
1023 2219 1297 2271 superantur.
1331 2210 1471 2270 Atque
1495 2208 1551 2252 ita
1575 2207 1824 2253 introduci-

448 2293 573 2331 mur,
617 2288 745 2340 atque
779 2278 1029 2340 plantamur
1062 2278 1107 2322 in
1143 2288 1287 2322 monte
1322 2276 1589 2322 haereditatis
1624 2278 1818 2334 Domini,

446 2347 522 2411 qui
542 2364 589 2392 ex
611 2365 747 2411 parvo
764 2348 910 2411 lapide
927 2386 937 2399 ,
966 2365 1092 2411 quem
1117 2348 1229 2393 ‘vidit
1254 2348 1430 2403 Daniel,
1453 2348 1588 2393 crevit
1604 2359 1646 2393 et
1668 2348 1822 2411 imple-

446 2419 508 2464 vit
528 2419 769 2465 universam
792 2420 990 2466 terram'2.
1021 2424 1127 2464 Haec
1148 2431 1393 2483 praeparata
1416 2430 1478 2464 est
1498 2419 1714 2465 hahitatio
1737 2420 1821 2465 Do-

446 2489 567 2536 mini.
610 2490 840 2554 Templum
864 2492 977 2536 enim
1014 2491 1090 2536 Dei
1121 2502 1321 2536 sanctum
1351 2502 1435 2541 est,
1470 2502 1510 2535 et
1535 2491 1820 2536 sanctificatio

445 2559 600 2606 domus
620 2564 711 2621 ejus
736 2579 833 2626 quae
855 2561 912 2608 ab
933 2562 1026 2626 ipso
1051 2572 1125 2608 est.
1155 2583 1174 2604 «
1195 2561 1429 2625 Templum
1450 2561 1564 2607 enim
1589 2561 1666 2607 Dei
1691 2577 1820 2607 sanc-

494 2650 502 2670 ¹
520 2649 620 2680 Exod.
638 2661 689 2688 xv,
708 2653 829 2687 14-16.
844 2671 888 2677 —
907 2649 1017 2683 ²Dan.
1033 2661 1075 2685 ιι.

1911 2951 1923 3272 μ,-
1912 2697 1917 2943 ——-—-—..
1912 1756 1923 2689 *ww-effi
