1894 3236
270 283 412 316 sEnno
449 280 636 325 cccxxv,
676 281 722 314 IN
759 281 919 315 NATAm
955 282 1213 318 man-nun.
1338 266 1418 320 161

58 350 320 397 bularemus.
367 351 455 413 Ipsi
490 350 684 395 fecerunt
715 350 920 410 sanguine
949 366 1049 407 suo,
1088 352 1429 400 confessionibus

61 422 159 469 suis.
202 422 398 484 Denique
423 421 683 484 contemptis
720 420 979 484 corporibus
1003 421 1111 477 suis,
1147 424 1335 469 venienti
1374 424 1429 470 ad

62 503 208 553 gentes
235 491 465 537 lucrandas
500 491 697 547 Christo,
736 503 945 554 tanquam
981 491 1027 536 in
1049 494 1247 550 jumento
1267 494 1339 540 illo
1363 513 1431 540 se-

63 562 209 620 denti,
235 579 418 626 corpora
441 579 516 606 sua
532 561 642 607 sicut
665 562 918 606 vestimenta
942 572 1198 609 straverunt.
1225 564 1332 620 Quis
1352 576 1429 621 cst,

65 650 194 698 quem
217 632 378 697 pudeat
403 632 546 678 dicere
571 650 580 676 :
612 634 760 695 Impar
789 649 915 677 suum
944 633 1067 678 Deo?
1106 633 1239 679 Plane
1273 635 1430 698 impar.

67 706 216 768 Impar
228 721 321 749 sum
345 704 545 749 Christo>
566 704 706 748 Etiam
728 703 899 748 mortali
918 702 1262 768 Christoimpar.
1288 707 1440 752 Petrus

67 775 154 821 hoc
176 785 267 820 erat
288 773 406 838 quod
435 785 478 819 tu
502 791 512 818 :
541 773 702 818 Paulus
725 773 812 818 hoc
830 783 920 828 erat
937 773 1056 836 quod
1078 784 1123 820 tu
1148 792 1157 819 :
1188 775 1380 838 Apostoli
1402 788 1444 821 et

68 844 303 908 Prophetae
327 844 411 889 hoc
449 854 594 898 erant,
633 842 751 906 quod
779 853 838 889 tu.
873 843 917 887 Si
942 843 1061 906 piget
1092 844 1251 890 imitari
1288 846 1444 890 Domi-

70 933 202 971 num,
235 915 402 960 imitare
433 931 702 960 conservum.
744 913 972 959 Praecessit
1005 932 1157 974 agmen
1194 933 1411 962 servorum
1433 955 1443 965 .

72 986 241 1032 sublata
265 996 326 1030 est
356 986 568 1030 excusatio
602 985 842 1048 pigrorum.
882 985 1105 1030 Postremo
1132 986 1278 1032 adhuc
1305 987 1413 1033 dicit
1435 1006 1445 1032 :

74 1058 224 1119 Impar
242 1072 335 1100 sum
359 1056 486 1100 Petro
504 1093 514 1110 ‚
542 1055 685 1118 impar
702 1072 797 1099 sum
820 1054 971 1101 Paulo.
1002 1056 1152 1119 Impar
1183 1074 1224 1101 es
1249 1059 1449 1104 veritati?

77 1126 322 1171 Coronatur
358 1125 598 1180 rusticitas,
635 1142 722 1169 non
757 1135 982 1169 excusatur
1004 1126 1184 1173 vanitas.
1230 1129 1452 1173 Postremo

78 1196 221 1259 impar
237 1212 279 1240 es
303 1195 476 1258 pueris?
503 1194 646 1257 impar
671 1212 712 1239 es
736 1194 918 1257 puellis?
943 1195 1086 1258 impar
1109 1213 1149 1240 es
1177 1209 1336 1243 sanctae
1362 1199 1453 1244 Ya—

78 1266 282 1311 lerianae?
309 1266 352 1310 Si
378 1264 523 1311 adbuc
541 1265 659 1327 sequi
687 1264 831 1328 piget,
859 1282 947 1310 non
973 1265 1036 1310 vis
1061 1266 1281 1313 adhaerere
1303 1269 1457 1314 Victo-

81 1336 188 1382 riae‘?
216 1336 287 1381 Sic
310 1335 423 1381 enim
456 1335 583 1380 nobis
608 1345 856 1380 sanctorum
885 1335 1038 1394 ⁴viginti
1069 1337 1308 1400 Martyrum
1335 1339 1460 1384 series

83 1405 262 1452 recitata
285 1415 361 1452 est.
392 1405 543 1468 Coepit
562 1405 618 1450 ab
638 1405 842 1468 episeopo
864 1405 1062 1451 Fidentio
1079 1444 1089 1461 ‚
1116 1406 1269 1453 elausit
1288 1409 1340 1454 ad
1357 1409 1460 1454 fide-

84 1477 165 1524 lem
185 1476 410 1522 foeminam
433 1487 626 1522 sanctam
642 1476 895 1523 Victoriam,
919 1477 1099 1522 Initium
1121 1496 1143 1523 a
1158 1478 1243 1524 fide
1258 1517 1269 1537 ,
1292 1481 1388 1525 finis
1407 1480 1461 1525 ad

85 1547 327 1595 victoriam.

153 1619 213 1666 ΙΙ.
259 1617 408 1664 Videte
429 1635 546 1678 ergo,
574 1617 724 1663 fratres
749 1634 760 1662 :
789 1617 849 1662 sic
868 1616 1080 1664 celebrate
1101 1621 1318 1683 passiones
1341 1622 1462 1666 Mar-

93 1700 234 1753 tyrum
252 1727 262 1746 ‚
290 1699 338 1734 ut
363 1689 558 1750 cogite-tis
578 1688 735 1733 imitari
772 1689 992 1751 Martyres.
1026 1689 1093 1735 llli
1124 1702 1170 1734 ut
1196 1691 1461 1737 fructuosam

92 1760 302 1805 haberent
322 1776 498 1821 poenam
520 1797 530 1815 ,
568 1758 788 1818 elegerunt
813 1773 1002 1803 causam.
1036 1759 1326 1806 Attenderunt
1348 1763 1464 1809 enim

96 1829 330 1875 Dominum
351 1829 588 1883 dicentem,
614 1844 698 1872 non
720 1843 731 1869 ε
760 1847 780 1866 «
802 1826 920 1870 Beati
938 1827 1013 1889 qui
1031 1831 1371 1890 persecutionem
1390 1851 1465 1896 pa-

91 1921 111 1941 »
133 1899 316 1951 tiuntnr;
335 1897 426 1951 sed,
446 1897 563 1942 Beati
583 1897 657 1960 qni
678 1896 1022 1959 persecutionem
1043 1899 1242 1960 patinntu
1253 1918 1270 1945 r
1286 1914 1464 1965 propter

93 1968 381 2030 »justitiath
411 1992 430 2010 »
464 1968 583 2027 Elige
610 1984 811 2023 causam,
848 1977 889 2011 et
915 1984 1000 2012 non
1028 1984 1148 2014 eures
1186 1989 1377 2033 pot-nam.
1420 1974 1462 2018 Si

95 2051 237 2086 autem
269 2056 352 2084 non
386 2038 504 2097 eligis
535 2055 736 2093 cansam,
773 2047 814 2081 et
846 2037 918 2081 hic,
951 2048 992 2082 et
1024 2038 1065 2082 in
1096 2040 1240 2085 futuro
1277 2043 1463 2088 invenies

95 2127 288 2174 poenam.
317 2109 413 2154 Non
436 2119 474 2153 te
499 2117 798 2154 commoveant
821 2107 1033 2170 supplicia
1054 2120 1094 2152 et
1121 2127 1263 2171 poena·
1289 2113 1467 2157 malesa-

97 2181 330 2233 cientium,
357 2178 689 2238 sacrilegorum,
720 2177 909 2222 hostium
936 2178 1099 2239 pacis&
1124 2191 1164 2224 et
1193 2181 1467 2228 inimicorum

98 2250 302 2297 veritatis.
331 2249 428 2294 Non
450 2249 564 2294 enim
588 2248 647 2293 illi
670 2265 747 2311 pro
772 2248 949 2292 veritate
974 2250 1217 2295 moriuntur
1238 2270 1247 2296 :
1279 2253 1348 2297 sed
1374 2254 1469 2298 ideo

102 2321 362 2377 moriuntur,
390 2338 442 2366 nc
466 2320 620 2366 veritas
653 2318 953 2375 annuntietur,
984 2337 1034 2364 nc
1069 2321 1222 2366 veritas
1253 2324 1470 2385 praedice-

102 2401 190 2446 tur,
217 2408 268 2436 no
298 2390 451 2438 veritas
481 2400 703 2442 teneatur,
734 2406 784 2433 nc
817 2389 957 2434 unitas
981 2402 1146 2435 ann-tur
1165 2429 1175 2441 ,
1206 2411 1256 2436 ne
1282 2393 1472 2439 charitas

105 2460 331 2520 diligatur,
359 2478 410 2505 ne
446 2461 660 2506 zeternitas
686 2470 891 2507 teneatur.
931 2461 969 2504 Ο
996 2477 1122 2506 cansa
1149 2463 1349 2524 pessima!
1377 2464 1471 2508 ideo

106 2547 238 2596 poena
261 2530 541 2578 infructuosa.
578 2531 675 2576 Non
696 2530 880 2576 attendis
896 2568 907 2586 ‚
928 2531 1003 2594 qni
1025 2542 1063 2575 te
1087 2531 1140 2576 (le
1163 2537 1442 2595 p11·naj.n·tas
1458 2572 1469 2591 ‚

155 2619 167 2644 ¹
191 2619 306 2654 Manli.
327 2630 355 2656 v,
379 2631 430 2652 πυ.
453 2638 493 2644 -
508 2617 522 2640 ²
540 2619 775 2652 Donatistarum
793 2619 883 2652 salsus
903 2621 1062 2663 Martyres
1079 2620 1190 2665 carpit.

270 2687 456 2721 cxixvm.
1235 2691 1246 2720 1
1268 2692 1279 2721 1
