1863 3246
0 218 5 482 '
263 337 406 371 sERMO
442 338 614 380 cccmx,
653 338 708 370 DE
744 336 1020 378 coxconnm,
1058 337 1152 369 mc.
1331 323 1424 371 383

53 415 209 454 noster.
241 405 366 452 Solus
384 405 516 452 frater
535 405 623 450 sine
642 404 915 470 dubitatione
934 402 1164 450 fidissimus
1181 442 1193 462 ,
1217 421 1318 451 eum
1337 423 1426 470 quo

54 474 286 522 concordia
324 474 583 540 possidenda
627 486 702 522 est.
754 474 852 520 Dixi
884 490 982 520 eum
1024 491 1110 519 non
1155 491 1350 531 avarum,
1383 487 1425 522 et

52 545 160 592 forte
183 545 354 592 invenio
385 562 577 592 avarum.
617 546 783 591 Avarus
799 553 860 590 est
884 561 894 588 :
927 543 1001 589 sed
1025 561 1101 588 nos
1124 543 1218 589 vult
1242 544 1421 606 habere,

0 483 8 736 ἱ
53 633 130 661 nos
155 615 250 662 vult
279 615 514 678 acquirere.
550 616 636 660 Pro
666 614 792 660 nobis
822 623 992 659 tantum
1023 614 1212 676 pretium
1240 615 1359 662 dedit
1385 636 1426 664 se

51 686 196 750 ipsum
219 704 230 732 :
259 685 370 732 nihil
391 685 446 731 ad
471 685 557 731 hoc
580 685 770 749 pretium
796 683 898 730 addi
911 693 1066 748 potest.
1092 684 1221 731 Dedit
1232 687 1423 749 pretium

54 757 273 821 seipsum,
301 767 344 802 et
361 755 501 802 factus
532 766 592 801 est
618 755 887 819 Redemptor
907 765 1062 801 noster.
1096 755 1195 801 Non
1229 758 1342 804 enim
1366 760 1427 806 sic

53 844 95 874 se
119 827 239 874 dedit
270 827 460 892 pretium
482 866 492 884 ‚
520 838 569 873 ut
592 845 668 874 nos
690 822 892 873 inimicus
925 825 1177 882 dimitteret,
1212 839 1253 873 et
1281 830 1426 892 ipsum

50 898 300 963 possideret.
354 898 485 944 Dedit
532 916 572 944 se
612 898 742 944 morti
785 896 988 943 occidens
1038 908 1235 946 mortem.
1287 901 1424 947 Morte

51 969 217 1033 quippe
252 986 327 1014 sua
360 980 544 1015 mortem
577 968 756 1024 occidit,
790 985 877 1013 non
900 978 1038 1013 morte
1074 967 1240 1014 occisus
1268 981 1330 1016 est
1350 992 1361 1024 ;
1383 983 1424 1017 et

50 1049 186 1084 morte
214 1038 374 1095 occisa,
402 1039 604 1085 liberavit
628 1056 705 1084 nos
742 1057 764 1084 a
799 1048 950 1084 morte.
982 1037 1167 1084 Vivebat
1192 1040 1302 1086 enim
1324 1059 1423 1088 mo-

5 1126 11 1175 ξ
48 1109 260 1155 rientibus
282 1109 408 1155 nobis
433 1127 564 1165 mors,
593 1109 800 1156 morietur
818 1108 1064 1155 viventibus
1079 1109 1220 1166 nobis,
1248 1113 1423 1175 quando

48 1179 87 1227 ei
107 1178 282 1226 dicetur
308 1196 319 1224 ι
347 1180 473 1225 «Ubi
497 1190 575 1236 est,
599 1197 731 1235 mors,
759 1179 979 1225 contentio
999 1178 1113 1225 tua‘l.
1140 1201 1159 1221 ν

11 1275 47 1314 ,50
113 1250 196 1296 ΙΙΙ.
233 1249 349 1296 Talis
374 1267 473 1310 ergo
496 1250 628 1296 frater
650 1249 947 1314 interpellatus
970 1261 1033 1295 est
1067 1268 1089 1295 a
1113 1251 1302 1313 quodam
1338 1254 1422 1301 fra-

47 1328 110 1365 tre
128 1329 280 1365 contra
298 1317 494 1373 fratrem,
517 1320 630 1365 inter
654 1337 761 1383 quos
779 1337 867 1365 non
884 1329 971 1365 erat
991 1320 1223 1366 concordia
1244 1336 1424 1386 propter

46 1399 206 1436 terram
222 1427 234 1446 ‚
254 1400 296 1435 et
315 1389 374 1436 ait
396 1389 457 1436 illi
480 1408 490 1436 ς
521 1412 541 1431 «
559 1391 743 1436 Domine
760 1427 770 1445 ‚
799 1390 871 1436 dic
891 1390 1013 1436 fratri
1037 1408 1130 1436 meo
1151 1429 1160 1447 ‚
1191 1403 1237 1437 ut
1256 1393 1424 1441 dividat

46 1480 67 1505 ›.>
91 1476 261 1506 mecum
296 1459 646 1508 haereditatem.
674 1482 693 1502 »
742 1461 899 1506 Totam
940 1460 1057 1515 tulit,
1106 1461 1213 1507 mihi
1253 1475 1421 1526 partem
1466 1477 1469 1480 '

44 1546 184 1575 meam
209 1547 298 1576 non
313 1529 408 1576 vult
432 1529 558 1586 dare,
584 1530 825 1576 contemnit
846 1546 930 1586 me,
960 1529 1107 1575 audiat
1130 1530 1197 1576 vel
1224 1542 1276 1579 te.
1303 1534 1422 1590 Quid

43 1599 290 1663 pertinebat
325 1599 379 1645 ad
408 1599 670 1645 Dominum?
716 1600 840 1645 Sicut
867 1600 1106 1659 cogitamus
1140 1618 1215 1646 nos
1240 1602 1425 1651 humiles

44 1667 246 1726 humilia,
268 1678 487 1733 reptantes
504 1669 549 1714 in
569 1680 697 1724 terra,
719 1669 943 1715 constituti
967 1669 1010 1714 in
1032 1669 1115 1715 hac
1135 1672 1242 1728 vita,
1280 1685 1321 1718 et
1344 1692 1420 1720 ne-

44 1739 206 1785 minem
245 1738 436 1786 volentes
465 1740 737 1796 contristari,
773 1750 814 1785 et
836 1739 1092 1803 plerumque
1118 1741 1218 1787 inde
1250 1746 1422 1804 gravius

42 1809 367 1866 contristantes,
396 1810 502 1873 quid
527 1810 792 1856 diceremus?
824 1810 930 1856 Veni
957 1810 1104 1865 frater,
1140 1812 1272 1859 redde
1298 1815 1418 1861 tratri

43 1890 119 1926 tuo
148 1891 316 1944 partem
345 1897 481 1927 suam.
521 1882 617 1926 Non
641 1880 727 1926 hoc
753 1880 860 1926 dixit
884 1881 1109 1927 Dominus.
1142 1883 1196 1927 Et
1221 1885 1326 1946 quid
1347 1886 1420 1932 illo

37 1950 224 2009 justius?
266 1950 375 2007 Quis
400 1949 526 1996 talem
554 1949 748 2011 judicem
781 1950 988 2003 inveniat,
1027 1968 1154 2015 quem
1175 1953 1420 2019 interpellet

43 2030 194 2065 contra
219 2020 440 2067 avaritiam
464 2020 607 2066 fratris
630 2020 728 2066 sui?
774 2021 924 2066 Nonne
958 2020 1174 2079 gaudebat
1192 2022 1261 2068 ille
1288 2024 1419 2072 homo

42 2089 218 2136 tandem
241 2108 283 2136 se
304 2090 514 2138 invenisse
541 2108 742 2150 magnum
762 2090 994 2137 solatium>
1023 2093 1227 2151 Magnum
1246 2111 1420 2159 quoque

43 2158 307 2219 adjutorium
335 2160 424 2205 sine
449 2159 721 2206 dubitatione
747 2160 975 2224 sperabat,
1011 2160 1157 2206 dicens
1195 2172 1312 2210 tzmto
1339 2170 1418 2225 Ju-

42 2225 160 2273 dici:
188 2229 429 2284 «Domine,
456 2229 528 2275 die
546 2229 664 2276 statri
692 2247 804 2283 mee,
829 2240 875 2276 ut
894 2229 1060 2276 dividat
1083 2248 1251 2278 mecum
1277 2234 1416 2281 luvro-

43 2318 64 2342 »
86 2296 281 2343 (litatem.
311 2319 331 2339 »
359 2296 415 2342 At
432 2297 503 2342 ille
523 2300 628 2359 quid
651 2300 786 2347 dixit?
816 2324 834 2342 «
859 2301 897 2344 O
926 2300 1074 2351 liomo.
1096 2303 1192 2365 quis
1223 2322 1288 2349 me
1308 2324 1417 2352 con-

43 2389 64 2410 »
89 2367 229 2413 stituit
271 2366 500 2412 divisorem
553 2366 819 2412 haereditatis
875 2371 986 2416 inter
1038 2376 1140 2418 xos')
1162 2395 1180 2413 »
1241 2376 1419 2439 Repulit

43 2437 273 2492 Dominus,
298 2454 381 2482 non
413 2435 534 2484 dedit
552 2435 669 2499 quod
702 2437 949 2500 petebatur,
987 2445 1297 2488 nonconressit
1318 2462 1418 2501 gra—

44 2507 204 2554 tuitum
228 2506 507 2553 beneficium.
536 2505 654 2564 Quid
685 2523 887 2565 magnum
912 2511 1030 2553 erat')
1054 2509 1171 2562 Quid
1193 2510 1291 2555 inde
1316 2531 1417 2575 prr-

43 2576 200 2633 debat?
225 2576 332 2643 quid
360 2576 405 2623 in
436 2594 485 2623 eo
515 2577 726 2624 beneficio
748 2576 896 2624 saltem
924 2577 1187 2627 laborabat?
1225 2583 1319 2628 [Non
1346 2583 1416 2630 de-

91 2666 102 2689 ¹
125 2677 136 2697 ι
159 2666 235 2701 Cor.
250 2676 304 2706 xv,
324 2666 434 2700 55.—
453 2664 468 2689 ²
488 2668 562 2701 Luc.
582 2677 642 2709 ιιι,
667 2667 720 2703 ι3.
