1899 3241
264 316 406 349 semro
441 315 584 356 «ωιτν,
623 315 671 346 m
706 315 865 347 utrm
899 315 936 346 ι.
977 314 1226 350 unam-m.
1365 305 1425 368 γῇ

75 400 96 427 a
120 384 208 443 Qui
229 399 327 442 eum
345 383 389 428 in
405 382 543 428 fiirma
562 382 641 427 Dei
651 393 773 438 esset,
795 399 882 428 non
893 381 1091 445 rapinam
1113 383 1344 431 arbitratus
1365 394 1429 431 est

74 475 96 498 υ
120 471 205 500 esse
223 453 398 517 aequalis
415 453 516 499 Deo.
539 474 559 494 »
579 453 752 508 Quanta
772 451 992 513 majestas!
1013 472 1034 492 (ι
1057 452 1140 498 Sed
1156 455 1428 518 semetipsum

73 546 94 567 >›
119 524 374 580 exinanivit,
411 522 594 571 formam
625 523 731 569 servi
773 522 988 587 accipiens
1025 522 1070 568 in
1106 523 1429 572 similitudinem

72 617 93 642 1>
117 595 344 641 hominum
382 593 545 648 factm,
589 604 631 640 et
671 594 829 641 habitu
871 594 1070 641 inventus
1113 605 1162 640 ut
1201 595 1379 643 h0m01.
1405 617 1426 647 η

73 666 245 723 Quanta
259 664 500 710 humilitas!
522 664 778 711 Humiliavit
793 682 835 711 se
853 664 1050 710 Christus
1070 682 1081 709 :
1102 665 1253 723 habes,
1271 667 1429 713 Chris-

72 737 201 793 tiano,
218 735 336 799 quod
356 747 510 782 teneas.
538 755 557 776 «
582 735 782 781 Christus
801 734 939 781 factus
951 745 1013 780 est
1026 734 1229 781 obediens
1251 755 1262 782 ε
1283 758 1304 780 2>
1326 737 1434 801 quid

71 807 298 871 superbis?
323 806 421 862 Quo
438 823 570 868 usque
591 806 727 851 factus
741 816 802 851 est
819 805 1022 854 obediens
1041 806 1267 853 Christus?
1285 808 1428 872 Usque

71 877 125 923 ad
147 876 486 922 incarnationem
506 876 653 932 Verbi,
681 893 815 939 usque
840 875 895 922 ad
908 876 1285 940 participationem
1309 895 1428 924 mor-

69 946 243 993 talitatis
266 947 487 1002 humanae,
511 963 644 1009 usque
664 946 718 992 ad
748 946 906 993 trinam
932 945 1096 993 diaboli
1121 948 1400 995 tentationem
1415 986 1427 1005 ,

70 1034 203 1081 usque
228 1017 282 1063 ad
292 1016 530 1062 irrisionem
550 1015 989 1080 populiJudaeorum‚
1017 1034 1148 1080 usque
1164 1017 1218 1064 ad
1239 1029 1366 1082 sputa
1384 1030 1427 1066 et

68 1084 242 1135 vincula
256 1124 267 1142 ‚
296 1102 428 1148 usque
452 1085 504 1131 ad
526 1084 670 1148 alapas
689 1097 730 1132 et
749 1085 916 1146 flagella
940 1103 951 1132 ε
978 1086 1012 1133 si
1033 1104 1186 1150 parum
1203 1098 1282 1144 est,
1303 1109 1324 1131 «
1345 1089 1429 1136 Us-

69 1179 90 1208 2)
111 1174 194 1221 que
213 1157 269 1204 ad
291 1167 500 1210 mortem3
523 1177 544 1197 »
565 1166 608 1200 et
626 1157 660 1203 si
682 1157 829 1203 adhuc
853 1156 1018 1220 aliquid
1047 1157 1174 1206 etiam
1193 1158 1246 1206 de
1281 1176 1430 1219 genere

68 1229 216 1275 mortis
251 1227 499 1274 addendum
515 1263 526 1283 ‚
555 1247 575 1268 «
596 1237 778 1275 mortem
809 1237 952 1274 autem
979 1228 1132 1275 crucis,
1158 1249 1178 1270 »
1209 1229 1430 1287 Habemus

67 1298 150 1345 tale
175 1297 432 1344 humilitatis
467 1296 709 1361 exemplum
730 1335 742 1355 ‚
783 1298 998 1361 superbiae
1046 1298 1424 1349 medicamentum.

68 1369 189 1426 Quid
205 1385 304 1430 ergo
320 1368 584 1426 intumesci3‚
607 1386 632 1415 o
648 1369 807 1416 homo?
834 1368 874 1416 O
896 1368 1020 1433 pellis
1039 1370 1290 1428 morticina,
1321 1371 1429 1435 quid

68 1440 279 1486 tenderis?
305 1440 344 1485 O
365 1439 499 1486 sanies
519 1438 690 1495 foetida,
718 1439 824 1503 quid
849 1439 1038 1486 inflaris?
1063 1439 1267 1497 Anhelas‚
1289 1441 1430 1498 doles,

67 1522 237 1567 aestuas,
263 1511 365 1574 quia
378 1511 523 1557 nescio
541 1511 637 1574 quis
657 1511 738 1558 tibi
758 1511 861 1559 fecit
880 1511 1101 1571 injuriam.
1129 1511 1253 1561 Unde
1276 1522 1324 1560 tu
1347 1514 1432 1561 fla-

68 1583 175 1643 gitas
192 1581 416 1637 ultionem,
441 1581 530 1628 sitis
551 1581 686 1628 arenti
708 1581 832 1628 fauce
844 1580 1079 1629 vindictam
1097 1601 1108 1634 ;
1128 1598 1208 1628 nec
1230 1583 1350 1645 prius
1372 1583 1430 1631 ab

64 1653 302 1700 intentione
315 1652 494 1708 desistis,
517 1652 653 1698 donec
666 1651 720 1698 de
743 1652 817 1699 illo
838 1653 912 1715 qui
935 1651 1159 1708 telaeserit‚
1175 1653 1430 1703 vindiceris?

66 1724 112 1769 Si
130 1723 404 1769 Christianus
418 1739 477 1778 es,
497 1734 671 1786 expecta
694 1740 835 1783 regem
857 1734 980 1769 tuum
1002 1740 1013 1767 :
1033 1723 1154 1786 prius
1176 1740 1217 1769 se
1240 1724 1432 1773 vindicet

66 1794 279 1841 christus.
307 1793 510 1840 Nondum
529 1794 642 1840 enim
663 1794 907 1841 vindicatus
925 1804 1012 1850 est,
1037 1794 1112 1857 qui
1139 1811 1219 1858 pro
1258 1805 1296 1842 te
1315 1806 1431 1843 tanta

64 1882 288 1931 perpessus
307 1875 382 1911 est.
407 1865 620 1927 Etutique
644 1865 715 1911 illa
739 1869 935 1924 majestas
950 1875 1092 1928 posset
1117 1865 1181 1912 vel
1195 1865 1306 1914 nihil
1330 1883 1433 1929 per—

65 1935 153 1999 peti
171 1972 182 1990 ‚
205 1934 271 1980 vel
304 1934 509 1980 continuo
535 1934 759 1981 vindicari.
797 1934 882 1980 Sed
909 1951 1008 1982 cum
1026 1946 1131 1981 esset
1157 1935 1201 1984 in
1220 1935 1291 1985 illo
1318 1946 1433 1985 tanta

62 2006 273 2070 potentia,
298 2005 392 2050 ideo
410 2004 491 2051 fuit
513 2005 642 2052 etiam
670 2015 789 2052 tanta
820 2005 1027 2068 patientia
1056 2022 1067 2050 t
1089 2005 1188 2067 quia
1207 2023 1287 2068 pro
1310 2007 1436 2055 nohis

65 2087 126 2125 est
152 2092 317 2140 passus,
350 2074 592 2138 relinquens
608 2075 731 2121 nobis
747 2074 1012 2137 exemplum,
1034 2086 1081 2123 ut
1099 2092 1329 2138 sequamur
1346 2094 1434 2125 ves-

62 2146 163 2207 tigia
196 2150 300 2206 ejus.
334 2145 495 2192 Videtis
519 2156 632 2191 certe
650 2183 660 2199 ‚
689 2144 992 2201 dilectissimi,
1021 2146 1123 2209 quia
1147 2156 1304 2208 praeter
1324 2149 1437 2197 effu·-

61 2217 223 2264 sionem
234 2216 415 2272 cruori8‚
435 2227 594 2280 prieter
613 2216 782 2263 vincula
809 2226 1069 2271 etcarceres‚
1087 2226 1244 2280 praeter
1268 2217 1433 2277 flagella

64 2297 105 2332 et
121 2286 325 2347 ungulas,
346 2297 447 2333 sunt
467 2286 600 2334 multa
625 2287 669 2333 in
692 2287 854 2350 quibus
875 2287 995 2350 sequi
1022 2303 1249 2350 possumus
1276 2287 1433 2338 Chris.-

64 2367 171 2413 tnm.
202 2355 364 2405 Deinde
386 2355 470 2403 hac
485 2355 726 2409 humilitate
748 2356 944 2412 decursa,
965 2367 1006 2405 et
1030 2366 1165 2416 morte
1191 2367 1425 2421 prostrata,

67 2425 260 2472 ascendit
277 2426 475 2472 Christus
496 2427 536 2471 in
552 2426 711 2472 coelum
738 2444 749 2472 ε
777 2444 1007 2490 sequamur
1042 2443 1153 2473 eum.
1195 2428 1434 2474 Audiamus

68 2496 320 2561 Apostolum
351 2496 562 2542 dicentem
591 2515 642 2544 εκ
667 2500 708 2542 si
739 2497 1056 2543 consurrexistis
1085 2513 1185 2542 cum
1224 2497 1424 2550 (Itu-isto,

67 2589 87 2610 >›
111 2584 208 2632 quae
230 2584 395 2614 sursum
422 2578 542 2622 sunt,
569 2570 703 2632 sapite
720 2606 730 2619 ,
767 2569 840 2615 ubi
866 2569 1064 2614 Christus
1091 2579 1147 2614 est
1182 2568 1222 2612 iu
1250 2567 1417 2614 dextera

115 2653 252 2696 ΙΡΙιίΙίρ.
270 2665 307 2695 11,
329 2655 358 2691 5,
376 2660 405 2684 et
425 2656 531 2687 Florus
551 2654 682 2687 ibidem.
