1999 3282
531 277 591 323 80
946 291 981 321 s.
1025 288 1265 320 AUGUSTINI
1300 290 1499 321 EPISCOPI

529 368 642 404 raret
666 355 868 412 salutem,
894 366 935 401 et
960 355 1119 401 diceret
1140 372 1181 400 se
1202 355 1257 401 ad
1281 355 1504 402 Christum
1531 372 1617 402 non
1643 356 1882 420 pertinere,

529 428 732 491 quoniam
753 443 839 472 non
868 425 927 472 sic
957 435 1228 490 praeparatus
1250 437 1353 472 esset
1385 426 1440 472 ad
1468 437 1665 484 mortem,
1695 438 1743 473 ut
1770 427 1889 475 nulla

527 499 573 545 in
595 497 669 544 illo
693 496 962 561 perturbatio
986 496 1234 553 exoriretur,
1262 496 1381 543 nulla
1406 496 1579 543 tristitia
1600 508 1786 544 mentem
1810 498 1890 545 de-

528 569 791 616 votissimam
804 567 1032 615 nubilaret,
1055 568 1271 625 Quoniam
1288 585 1385 628 ergo
1396 568 1741 632 periclitarentur
1758 587 1892 615 mem-

527 640 609 685 bra
627 640 717 700 ejus
730 638 1041 702 desperatione,
1063 638 1238 701 quando
1255 639 1576 703 propinquante
1589 650 1725 685 morte
1738 640 1892 704 aliquis

529 711 800 767 turbaretur,
823 708 969 755 nolens
996 709 1118 754 finire
1140 709 1337 754 miseram
1360 709 1518 767 vitam,
1548 709 1669 774 piger
1690 710 1893 758 inchoare

528 798 754 845 nunquam
778 780 1038 835 finiendam3
1063 798 1115 826 ne
1138 797 1236 841 ergo
1256 780 1551 844 desperatione
1576 781 1891 842 frangerentur,

529 853 644 917 ipsos
662 852 854 898 infirmos
874 869 969 897 suos
991 850 1194 908 intendit,
1215 851 1308 915 ipsa
1326 851 1518 897 membra
1543 869 1618 898 sua
1639 852 1789 899 ultima
1807 870 1896 898 non

530 923 654 971 valde
675 923 803 969 fortia
820 923 991 983 collegit
1013 923 1057 968 in
1083 922 1223 969 sinum
1242 939 1385 981 suum,
1403 923 1497 987 ipsa
1517 941 1605 969 non
1624 923 1748 971 valde
1769 924 1897 970 fortia
1963 921 1965 923 ’

531 1005 738 1058 tanquam
762 994 919 1054 gallina
942 994 1043 1040 texit
1064 993 1205 1057 pullos
1224 1011 1347 1048 suos3
1372 1004 1413 1040 et
1436 1005 1643 1058 tanquam
1664 993 1899 1058 alloquitur

529 1083 629 1111 eos:
656 1087 677 1107 «
701 1066 827 1111 Nune
851 1065 994 1110 anima
1019 1081 1112 1110 mea
1138 1065 1314 1110 turbata
1337 1075 1412 1112 est.
1449 1087 1469 1107 ›>
1500 1065 1728 1125 Agnoscite
1751 1082 1825 1112 vos
1851 1066 1898 1110 in

532 1153 617 1192 me,
641 1145 690 1181 ut
709 1135 884 1199 quando
908 1135 1015 1180 forte
1042 1135 1206 1180 turbati
1228 1135 1408 1191 fueritis,
1435 1153 1523 1181 non
1547 1135 1794 1198 desperetis,
1824 1134 1898 1181 sed

532 1206 587 1253 ad
610 1217 744 1270 caput
767 1216 955 1252 vestrum
986 1206 1193 1252 revocetis
1219 1217 1459 1269 aspectum,
1493 1216 1535 1251 et
1565 1206 1719 1252 dicatis
1744 1205 1893 1251 vobis:

534 1277 723 1334 Quando
747 1277 959 1323 Dominus
985 1276 1160 1323 dicebat
1186 1295 1196 1321 :
1228 1298 1248 1319 <c
1278 1278 1430 1323 Anima
1453 1295 1547 1323 mea
1569 1277 1745 1322 turbata
1772 1287 1854 1333 est,
1876 1297 1897 1319 ›>

531 1366 607 1395 nos
629 1349 675 1394 in
702 1348 776 1394 illo
801 1365 986 1403 eramus,
1014 1364 1091 1392 nos
1121 1347 1485 1407 significabamur.
1525 1347 1791 1403 Turbamur,
1823 1346 1897 1392 sed

532 1437 620 1467 non
643 1419 848 1483 perimus.
868 1440 888 1460 c<
908 1419 1052 1474 Quare
1069 1417 1199 1463 tristis
1218 1435 1260 1463 es
1285 1419 1426 1464 anima
1446 1435 1557 1475 mea,
1583 1429 1626 1463 et
1644 1435 1775 1481 quare
1795 1435 1897 1463 eon-

533 1512 555 1534 »
573 1490 722 1536 turbas
741 1489 868 1535 mel?
887 1511 906 1531 >³
925 1490 1023 1535 Non
1039 1490 1102 1535 Vis
1125 1489 1239 1534 finiri
1261 1490 1458 1535 miseram
1481 1489 1645 1536 vitam?
1670 1489 1812 1534 Tanto
1836 1498 1897 1534 est

532 1561 740 1618 miserior,
767 1571 929 1625 quanto
953 1571 994 1605 et
1018 1561 1169 1606 misera
1197 1572 1337 1606 amata
1364 1571 1443 1617 est,
1475 1571 1517 1606 et
1542 1578 1630 1606 non
1653 1560 1717 1607 vis
1741 1560 1856 1606 finiri
1881 1577 1892 1604 :

533 1633 675 1678 minus
705 1643 809 1677 esset
838 1632 1007 1687 misera,
1043 1632 1077 1676 si
1111 1648 1197 1677 non
1226 1642 1451 1677 amaretur.
1496 1630 1647 1687 Qualis
1682 1640 1743 1675 est
1770 1630 1897 1675 beata

530 1703 636 1760 vita,
667 1702 842 1767 quando
865 1702 923 1748 sic
948 1712 1116 1748 amatur
1140 1702 1291 1747 misera
1312 1702 1418 1758 vita,
1444 1712 1614 1747 tantum
1639 1700 1742 1764 quia
1762 1717 1896 1747 voca-

535 1785 606 1819 tur
621 1774 739 1820 vita?
759 1795 779 1815 α
798 1774 941 1830 Quare
955 1789 1053 1832 ergo
1071 1773 1201 1818 tristis
1216 1789 1274 1828 es,
1293 1773 1433 1818 anima
1452 1790 1562 1829 mea,
1583 1783 1625 1817 et
1644 1788 1776 1835 quare
1796 1788 1897 1817 con-

537 1867 559 1888 »
576 1846 726 1892 turbas
747 1848 842 1890 me?
860 1866 880 1885 >³
898 1843 1042 1888 Habes
1068 1842 1173 1906 quid
1198 1860 1309 1902 agas.
1338 1842 1537 1887 Defecisti
1562 1842 1606 1886 in
1632 1845 1702 1887 te?
1723 1863 1742 1883 «
1763 1841 1898 1905 Spera

535 1939 556 1959 »
576 1918 621 1962 in
640 1916 841 1962 Domino.
866 1936 886 1956 »
905 1913 1113 1959 Turbaris
1136 1914 1181 1958 in
1199 1916 1270 1958 te?
1291 1934 1311 1954 ε(
1335 1913 1469 1976 Spera
1494 1914 1538 1958 in
1557 1912 1762 1967 Domino,
1783 1932 1803 1953 »
1821 1912 1897 1975 qui

534 1999 573 2035 te
587 1988 712 2048 elegit
729 1998 824 2033 ante
839 1985 992 2031 mundi
1013 1985 1381 2040 constitutionem,
1401 1984 1476 2047 qui
1496 1995 1536 2030 te
1553 1982 1892 2047 praedestinavit,

533 2061 609 2124 qui
631 2071 671 2105 te
695 2057 882 2114 vocavit,
909 2057 985 2120 qui
1003 2066 1044 2101 te
1066 2056 1249 2119 impium
1263 2055 1534 2115 justificavit,
1559 2054 1633 2118 qui
1657 2054 1739 2099 tibi
1762 2053 1895 2114 glori-

532 2131 778 2177 ficationem
799 2128 1098 2191 sempiternam
1119 2127 1331 2190 promisit,
1354 2127 1430 2189 qui
1451 2144 1530 2189 pro
1548 2137 1589 2171 te
1605 2136 1786 2171 mortem
1809 2142 1896 2171 non

533 2201 724 2247 debitam
748 2198 920 2244 sustulit
938 2235 948 2253 ,
975 2197 1050 2260 qui
1072 2214 1152 2260 pro
1179 2207 1218 2241 te
1246 2197 1495 2256 sanguinem
1523 2195 1660 2251 fudit,
1687 2195 1761 2259 qui
1787 2205 1827 2240 te
1850 2195 1896 2240 in

535 2290 576 2318 se
596 2269 928 2330 transfiguravit,
945 2267 1119 2331 quando
1134 2267 1239 2312 dixit
1253 2285 1262 2311 :
1275 2289 1294 2308 «
1313 2267 1465 2312 Anima
1479 2284 1572 2313 mea
1588 2266 1762 2312 turbata
1778 2277 1852 2313 est.
1874 2287 1895 2308 ³>

537 2341 605 2387 Ad
634 2340 757 2387 illum
785 2338 996 2402 pertines,
1032 2348 1073 2383 et
1098 2337 1249 2382 times?
1281 2338 1334 2382 Et
1367 2337 1530 2400 aliquid
1563 2337 1645 2382 tibi
1674 2337 1895 2383 nociturus

532 2423 594 2458 est
621 2410 831 2466 mundus,
862 2426 942 2472 pro
973 2426 1058 2471 quo
1081 2419 1274 2453 mortuus
1302 2418 1387 2464 est,
1414 2425 1492 2471 per
1515 2425 1644 2471 quem
1666 2407 1804 2454 factus
1832 2416 1894 2453 est

532 2482 748 2530 mundus?
771 2480 838 2527 Ad
851 2480 972 2526 illum
983 2480 1184 2544 pertines,
1202 2490 1243 2524 et
1256 2479 1405 2524 times?
1422 2501 1442 2520 «
1459 2479 1503 2525 Si
1518 2480 1633 2525 Deus
1650 2496 1730 2543 pro
1748 2478 1889 2533 nobis,

532 2577 553 2599 >J
570 2556 665 2620 quis
690 2563 838 2600 contra
870 2554 977 2597 nos?
1010 2550 1098 2608 Qui
1130 2550 1308 2613 proprio
1334 2549 1441 2596 Filio
1467 2567 1553 2596 non
1580 2549 1791 2614 pepercit,
1817 2547 1889 2594 secl

575 2646 586 2668 ¹
608 2646 689 2680 Psal.
709 2654 791 2684 ειη,
815 2644 844 2674 5.

1981 2509 1984 2535 ὲ
