1942 3272
427 287 510 318 102
824 284 858 314 S.
901 281 1141 314 AUGUSTINI
1178 284 1378 315 EPISCOPI

426 355 433 359 ’
485 351 545 397 ΙΙ.
577 347 962 409 Carthaginensem
984 347 1221 394 Ecclesiam
1232 349 1380 395 vivens
1397 350 1674 411 gubernavit,
1696 367 1797 396 mo-

418 423 533 470 riens
552 420 798 468 honoravit.
831 420 902 466 lbi
930 422 1232 484 episcopatum
1260 422 1414 481 gessit,
1443 422 1507 467 ibi
1538 421 1798 486 martyrium

419 491 754 540 consummavit.
787 492 840 536 In
853 508 903 536 eo
927 491 1092 555 quippe
1112 491 1208 537 loco
1223 529 1233 548 ,
1256 492 1335 537 ubi
1362 492 1508 555 posuit
1534 492 1675 537 carnis
1701 508 1799 536 exu-

420 565 528 620 vias,
548 579 661 608 saeva
671 572 776 608 tunc
786 561 1023 608 multitudo
1040 573 1315 618 convenerat,
1334 579 1435 625 quae
1454 572 1635 626 propter
1649 561 1802 607 odium

423 633 588 680 Christi
611 633 861 692 sanguinem
881 632 1080 678 funderet
1099 633 1310 696 Cypriani
1331 651 1340 677 :
1361 633 1423 678 ibi
1443 633 1574 679 hodie
1595 649 1801 688 venerans

421 702 660 750 multitudo
681 704 918 759 concurrit,
940 720 1040 767 quae
1065 714 1247 766 propter
1267 702 1465 748 Natalem
1487 703 1701 767 Cypriani
1725 701 1801 748 bi-

423 776 493 821 bit
513 774 764 834 sanguinem
784 774 964 820 Christi.
990 774 1045 818 Et
1069 784 1186 819 tanto
1201 773 1373 819 dulcius
1392 773 1437 818 in
1451 772 1524 818 illo
1548 772 1645 819 loco
1663 790 1804 836 prop-

424 856 489 891 ter
523 843 721 890 Natalem
752 843 964 907 Cypriani
999 843 1171 904 sanguis
1200 843 1371 888 bibitur
1408 843 1600 899 Christi,
1643 854 1806 906 quanto

427 915 626 962 devotius
639 914 703 960 ibi
724 925 908 977 propter
936 931 1093 960 nomen
1113 914 1278 959 Christi
1302 913 1473 973 sanguis
1496 914 1617 960 fusus
1640 924 1701 959 est
1719 916 1806 977 Cy-

425 986 585 1052 priani.
618 985 835 1048 Denique,
870 985 982 1031 sicut
1007 985 1164 1040 nostis,
1193 986 1460 1048 quicumque
1495 985 1809 1045 Carthaginem

427 1058 579 1113 nostis,
603 1056 647 1102 in
666 1056 817 1101 eodem
840 1055 937 1102 loco
957 1073 1103 1102 mensa
1126 1058 1214 1102 Deo
1229 1067 1477 1102 constructa
1495 1066 1583 1110 est;
1605 1067 1646 1101 et
1665 1066 1812 1102 tamen

430 1145 576 1175 mensa
612 1126 775 1172 dicitur
799 1126 1012 1190 Cypriani
1035 1165 1046 1183 ,
1075 1145 1163 1172 non
1189 1127 1292 1190 quia
1317 1126 1381 1172 ibi
1408 1137 1471 1172 est
1496 1144 1690 1190 unquam
1716 1127 1810 1191 Cy-

430 1200 610 1264 prianus
625 1196 842 1260 epulatus,
866 1197 939 1242 sed
963 1198 1065 1260 quia
1088 1198 1151 1243 ibi
1167 1208 1228 1242 est
1244 1197 1509 1253 immolatus,
1532 1208 1573 1242 et
1597 1198 1698 1261 quia
1717 1197 1812 1261 ipsa

429 1267 730 1316 immolatione
750 1283 825 1312 sua
847 1267 1018 1330 paravit
1028 1267 1144 1313 hanc
1167 1284 1377 1323 mensam,
1398 1285 1485 1313 non
1500 1267 1545 1312 in
1563 1284 1649 1330 qua
1661 1277 1814 1331 pascat

432 1341 522 1387 sive
552 1348 784 1402 pascatur,
812 1337 886 1383 sed
909 1338 956 1383 in
980 1354 1065 1401 qua
1090 1338 1351 1384 sacrificium
1390 1339 1506 1394 Deo,
1545 1338 1616 1383 cui
1646 1349 1688 1383 et
1724 1338 1816 1401 ipse

432 1411 608 1457 oblatus
629 1419 719 1465 est,
749 1409 968 1456 offeratur.
1010 1408 1095 1454 Sed
1127 1420 1176 1455 ut
1198 1427 1342 1455 mensa
1361 1409 1434 1455 illa
1455 1448 1466 1466 ,
1499 1426 1600 1473 quae
1627 1409 1707 1455 Dei
1732 1419 1812 1466 est,

435 1482 566 1529 etiam
587 1479 799 1543 Cypriani
817 1491 1012 1535 vocetur,
1030 1480 1129 1525 haec
1145 1497 1273 1526 causa
1293 1491 1381 1533 est:
1408 1480 1510 1543 quia
1530 1491 1578 1525 ut
1591 1480 1664 1526 illa
1685 1479 1816 1525 modo

437 1553 639 1612 cingatur
662 1551 718 1596 ab
751 1550 1118 1614 obsequentibus,
1146 1551 1209 1596 ibi
1237 1552 1485 1614 Cyprianus
1515 1551 1772 1611 cingebatur
1794 1568 1818 1607 a

434 1622 796 1689 persequentibus
819 1639 830 1667 ε
859 1622 935 1667 ubi
956 1639 1072 1667 nunc
1092 1621 1164 1667 illa
1191 1622 1247 1667 ab
1263 1622 1411 1667 amicis
1438 1622 1664 1668 orantibus
1680 1621 1819 1667 hono-

433 1705 572 1749 ratur,
598 1692 664 1739 ibi
683 1693 930 1756 Cyprianus
951 1692 1008 1738 ab
1019 1692 1205 1738 inimicis
1227 1692 1512 1738 frementibus
1531 1692 1787 1738 calcabatur
1803 1709 1816 1736 t

441 1775 659 1830 postremo
682 1763 761 1808 ubi
778 1762 850 1808 illa
871 1773 1013 1809 erecta
1035 1773 1114 1818 est,
1139 1762 1203 1807 ibi
1223 1773 1463 1826 prostratus
1486 1772 1561 1809 est.
1593 1784 1613 1803 «
1634 1762 1818 1808 Cantate

440 1856 463 1877 »
488 1836 580 1880 Deo
596 1871 607 1890 ,
634 1832 851 1896 psalmum
875 1833 1006 1879 dicite
1031 1833 1197 1879 nomini
1223 1837 1314 1893 ejus
1340 1850 1352 1879 ι
1376 1834 1453 1896 qui
1475 1833 1669 1879 ascendit
1692 1849 1823 1897 super

445 1927 467 1948 »
491 1921 694 1951 occasum
713 1902 751 1961 4,
773 1926 793 1946 »
818 1905 911 1968 ipse
935 1904 1038 1950 fecit
1061 1906 1142 1950 ista
1163 1922 1292 1968 super
1318 1905 1525 1951 occisum.

512 1976 594 2022 ΠΙ.
647 1974 732 2020 Sed
771 1991 873 2020 curn
908 1974 1130 2035 Carthago
1170 1975 1377 2021 habuerit
1415 1974 1668 2019 cathedram
1706 1972 1821 2033 ejus',

447 2046 670 2106 Carthago
689 2045 854 2091 habeat
870 2045 1122 2091 memoriam
1140 2049 1242 2105 ejus.
1268 2045 1393 2090 Unde
1410 2062 1487 2090 nos
1512 2044 1827 2090 celebraremus

446 2115 653 2163 Natalitia
674 2120 787 2176 ejus,
816 2115 896 2161 nisi
926 2126 1032 2161 esset
1056 2137 1077 2157 α
1098 2116 1292 2161 Pretiosa
1320 2116 1365 2160 in
1389 2125 1625 2178 conspectu
1651 2114 1829 2159 Domini

447 2209 468 2230 »
490 2204 605 2232 mors
628 2197 877 2232 sanctorum
902 2190 992 2246 ejus
1009 2186 1057 2231 2?
1085 2207 1105 2228 »
1130 2187 1181 2230 In
1205 2202 1378 2230 omnem
1401 2196 1555 2229 terram
1580 2184 1679 2228 exiit
1699 2201 1828 2230 sonus

448 2261 556 2317 ejus,
583 2268 625 2301 et
646 2256 691 2301 in
717 2257 819 2302 fines
844 2256 961 2301 orbis
987 2267 1111 2302 terrae
1135 2256 1269 2302 verba
1289 2259 1380 2315 ejus
1400 2255 1432 2301 3.
1462 2254 1624 2299 Docuit
1644 2254 1830 2300 fideliter

449 2327 569 2391 quod
591 2325 784 2371 facturus
799 2337 889 2371 erat
904 2362 916 2382 ,
939 2326 1043 2371 fecit
1058 2326 1227 2372 fortiter
1244 2325 1362 2389 quod
1382 2324 1603 2371 docuerat.
1632 2324 1699 2370 Ad
1722 2342 1828 2388 pre-

448 2398 604 2443 tiosam
642 2407 823 2441 mortem
844 2400 958 2456 juste
987 2397 1199 2453 vivendo,
1226 2396 1280 2441 ad
1303 2395 1529 2455 gloriosam
1556 2411 1659 2440 vero
1694 2395 1830 2440 vitam

445 2469 604 2527 injuste
626 2466 850 2513 moriendo
870 2468 1067 2530 pervenit
1087 2488 1098 2521 3
1126 2478 1255 2530 atque
1276 2466 1459 2529 adeptus
1484 2476 1545 2511 est
1562 2465 1830 2529 triumphale

503 2581 512 2603 ¹
536 2582 615 2613 Psal.
639 2592 742 2623 mvn,
765 2582 795 2612 5.
817 2579 1037 2620 —21d.cxv‚
1060 2582 1164 2612 15-
1183 2578 1261 2614 ³16.
1284 2591 1381 2623 ,ἴω-ιιι,
1405 2581 1438 2611 5.
