1863 3246
388 318 530 351 snnno
568 318 769 362 cccxmx,
808 317 864 350 DE
901 316 1162 351 anmTATE.
1377 303 1468 351 285

95 402 181 432 non
203 384 346 449 potuit
375 384 515 430 aerius
541 384 755 431 deterrere
776 384 1046 430 Christianos
1070 384 1126 429 ab
1159 402 1303 431 amore
1329 385 1469 432 forni-

95 455 333 511 cationum,
355 454 435 500 nisi
455 454 532 501 ubi
552 455 686 501 dixit:
708 478 728 497 «
749 455 921 501 Tollens
943 471 1041 514 ergo
1066 456 1260 501 membra
1283 456 1465 514 Christi,

95 547 118 568 ι)
139 525 293 572 faciam
309 525 501 571 membra
520 526 790 574 meretricisl.
815 548 835 568 2>
860 526 919 571 Ut
933 535 1076 571 autem
1094 526 1180 572 hoc
1201 527 1377 584 diceret,
1403 545 1471 574 su-

95 596 239 660 perius
257 597 343 642 ait:
365 618 383 636 «
405 596 604 653 Nescitis,
633 597 736 660 quia
760 596 836 660 qui
858 596 1053 642 adhaeret
1076 597 1307 653 meretrici,
1337 615 1472 643 unum

98 689 117 708 >2
138 684 296 731 eorpus
316 666 529 712 efficitur‘2
545 670 562 713 ,Ὗ
578 690 597 709 »
624 669 679 712 Et
711 666 1003 712 testimonium
1030 665 1083 711 de
1104 667 1328 731 Scriptura
1354 668 1475 714 dedit

97 737 213 800 quod
235 737 446 800 scriptum
469 748 529 783 est
553 754 564 783 :
587 759 606 777 <‹
628 739 767 783 Erunt
785 737 872 783 duo
889 737 933 782 in
950 754 1078 782 earne
1098 754 1183 782 una
1199 738 1230 784 3.
1256 760 1276 779 »
1298 738 1472 784 Dictum

97 819 159 853 est
191 808 304 853 enim
330 808 414 854 hoc
451 808 687 862 divinitus3
718 808 790 853 sed
815 807 875 853 de
892 807 985 853 viro
1021 818 1062 853 et
1093 825 1221 853 uxore
1246 809 1323 854 ulii
1346 809 1471 866 lieet,

99 879 176 924 uhi
200 896 448 924 concessum
470 890 548 935 est,
568 879 644 924 ubi
658 879 886 924 honestum
908 889 995 931 est;
1016 895 1102 924 non
1124 879 1201 924 ubi
1224 890 1364 942 turpe,
1388 897 1476 925 uon

101 949 177 995 uhi
200 949 417 1005 illicitum,
441 967 529 994 nou
550 950 624 995 ubi
649 949 768 994 omni
788 949 949 995 ratione
974 948 1236 996 damnabile.
1263 950 1385 995 Sicut
1403 967 1476 995 au-

101 1031 184 1065 tem
214 1037 297 1065 una
329 1020 378 1064 fit
401 1037 500 1064 caro
528 1019 571 1065 in
597 1019 880 1083 permixtione
901 1019 1021 1064 licita
1043 1019 1125 1064 viri
1154 1030 1196 1064 et
1221 1021 1390 1066 uxoris:
1417 1020 1477 1066 sic

101 1107 185 1135 uua
210 1090 259 1134 fit
279 1107 378 1135 caro
397 1090 442 1134 in
461 1090 744 1153 permixtione
768 1090 919 1135 illicita
938 1090 1171 1135 meretricis
1189 1101 1229 1135 et
1256 1092 1470 1138 amatoris.

103 1162 212 1206 Cum
235 1178 333 1219 ergo
365 1177 449 1205 una
475 1162 523 1205 fit
547 1178 647 1206 caro
663 1199 673 1217 ‚
701 1161 810 1206 illud
836 1171 875 1206 te
909 1171 1066 1207 terreat
1082 1199 1092 1217 ,
1119 1161 1229 1207 illud
1255 1162 1479 1208 exhorreat

103 1230 221 1294 quod
257 1230 458 1276 addidit:
485 1231 698 1277 «s'l'ollens
733 1249 832 1291 ergo
860 1233 1054 1277 membra
1085 1231 1264 1279 Christi.
1288 1255 1308 1274 »
1343 1234 1478 1278 Mem-

103 1303 183 1348 bra
209 1302 372 1347 Christi
393 1302 563 1348 attende
578 1341 588 1356 ‚
620 1302 865 1348 Christiane
893 1320 903 1347 :
934 1303 1127 1348 membra
1147 1302 1312 1349 Christi
1327 1303 1414 1349 noli
1435 1304 1480 1348 in

105 1371 252 1429 altero,
279 1372 322 1417 in
343 1383 380 1417 te
407 1372 577 1418 attende
602 1373 795 1418 membra
820 1372 1003 1429 Christi,
1026 1373 1099 1436 qui
1123 1384 1293 1436 emptus
1317 1392 1358 1419 es
1385 1392 1480 1419 san-

105 1442 232 1503 guine
260 1441 422 1488 Christi
451 1460 461 1487 :
493 1465 510 1483 «
533 1443 705 1488 'l'ollens
735 1460 834 1504 ergo
864 1443 1057 1489 membra
1098 1443 1287 1500 Christi,
1322 1444 1479 1490 faciam

108 1535 127 1554 υ
154 1512 341 1557 membra
367 1513 657 1560 meretricisi‘»
676 1513 771 1559 Hoc
795 1513 869 1576 qui
900 1530 986 1559 non
1010 1514 1174 1570 horret,
1201 1515 1290 1560 Deo
1312 1514 1473 1561 horret.

171 1582 245 1629 IV.
288 1583 467 1628 Prorsus
483 1621 493 1639 ‚
521 1601 695 1646 prorsus
729 1583 907 1628 obsecro
928 1600 1002 1629 vos
1021 1621 1031 1639 ,
1064 1584 1213 1629 fratres
1237 1584 1321 1630 inei
1342 1603 1352 1629 :
1384 1602 1482 1630 ecee

106 1670 337 1716 ponamus,
361 1653 478 1716 quod
503 1664 686 1708 nonest,
719 1653 962 1717 promisisse
988 1654 1125 1699 Deum
1149 1654 1307 1700 talibus
1332 1655 1485 1718 impu-

108 1725 303 1777 nitatem,
324 1735 365 1769 et
390 1724 541 1770 dixisse
571 1743 580 1769 :
611 1724 698 1781 Qui
719 1724 817 1769 talia
837 1723 1032 1780 feceriut,
1060 1725 1291 1771 miserebor
1313 1743 1480 1781 eorum,

109 1812 194 1840 non
224 1812 293 1840 eos
323 1794 555 1842 damnabo.
601 1795 825 1840 Faciamus
861 1795 946 1840 hoc
970 1795 1120 1840 dixisse
1155 1797 1306 1844 Deum,
1342 1797 1484 1842 litiani

110 1865 319 1929 promissa
355 1865 616 1928 impunitate
648 1864 757 1910 tollit
781 1865 963 1928 quisque
991 1866 1185 1911 membra
1215 1866 1404 1914 Christi.
1444 1877 1486 1911 et

110 1935 215 1980 sacit
238 1939 327 1995 jam
354 1935 548 1980 membra
574 1935 840 1981 meretricis?
864 1937 960 1981 Non
983 1936 1114 1992 facit,
1142 1937 1174 1981 si
1197 1947 1256 1982 est
1277 1937 1338 1982 ihi
1367 1937 1487 1982 tertia

112 2005 259 2052 divina
275 2004 463 2052 dilectio.
492 2006 660 2051 Etenim
681 2016 761 2050 tres
779 2005 1030 2051 dilectiones
1050 2007 1384 2052 counnemoravi
1406 2024 1415 2050 :
1435 2006 1487 2051 de

113 2077 250 2121 trihus
276 2094 358 2131 me,
386 2075 504 2139 quod
530 2076 737 2121 Dominus
759 2075 903 2131 daret,
930 2075 1150 2122 dicturum
1172 2094 1256 2121 esse.
1281 2076 1485 2140 promisi;

110 2145 162 2191 de
186 2146 302 2193 licita
335 2146 552 2199 humana,
582 2145 634 2190 de
661 2145 811 2190 illicita
844 2145 1036 2191 humana
1055 2184 1066 2199 ‚
1100 2146 1152 2191 de
1175 2146 1245 2191 illa
1269 2146 1489 2192 excellenti

114 2228 241 2280 atque
264 2217 424 2263 divina.
460 2218 771 2276 interrogemus
793 2216 984 2262 divinam
1018 2217 1275 2263 charitatem
1299 2255 1308 2270 ,
1336 2228 1377 2262 et
1405 2236 1489 2281 po-

118 2305 272 2334 namus
293 2299 390 2334 ante
406 2286 522 2333 illam
547 2287 655 2332 duas
679 2287 891 2332 humanas
909 2286 1142 2333 charitates
1159 2299 1195 2332 et
1215 2288 1409 2333 dicamus
1426 2288 1488 2332 ei:

122 2360 232 2403 l⁴'-cce
258 2359 373 2404 lit-ita
393 2358 583 2403 charitas
605 2359 793 2403 humana
819 2395 828 2409 ,
850 2374 936 2420 qua
966 2375 1066 2403 uxor
1092 2359 1304 2418 diligitur,
1332 2370 1372 2403 et
1393 2359 1492 2403 tilia·

121 2427 302 2491 aliaeque
332 2428 660 2473 necessitudines
686 2428 912 2472 saeculares
940 2446 949 2472 ε
976 2447 1074 2473 erce
1097 2430 1176 2474 alia
1209 2429 1375 2479 illicita,
1406 2446 1491 2490 qua

122 2496 316 2558 diligitur
343 2499 534 2544 meretrix
554 2537 564 2550 ,
594 2515 679 2561 qua
701 2497 896 2557 diligitur
921 2499 1074 2544 ancilla
1098 2500 1252 2548 aliena,
1277 2516 1362 2561 qua
1387 2499 1490 2543 ‹hli—

120 2569 234 2630 gitur
254 2568 389 2614 aliena
414 2568 499 2614 tilia
524 2588 606 2615 non
636 2569 782 2632 petita,
812 2587 895 2614 non
925 2572 1149 2633 promissa.
1186 2587 1268 2633 qua
1292 2569 1492 2629 diligitur

168 2659 211 2689 1ι
229 2661 302 2690 Cor.
321 2670 363 2701 vi,
391 2660 440 2692 15,
460 2677 499 2682 --
518 2657 628 2690 '²1but.
657 2659 706 2688 ιΓ.
724 2675 766 2679 —
782 2655 1017 2697 3(¹·en‚11,·.›¹.,
