1942 3272
441 260 534 316 420
860 269 894 301 S.
939 268 1180 300 At‘GlisTtNl
1216 270 1416 302 Erlscorl

438 355 623 403 corpora
651 336 883 383 habebunt
913 335 1067 392 sancti,
1099 346 1140 382 et
1163 353 1262 399 quae
1285 338 1374 383 vita
1396 353 1544 383 eorum
1567 336 1712 383 futura
1737 335 1802 384 sit.

438 409 587 457 Multis
610 408 724 454 enim
755 407 895 453 visum
925 417 987 451 est
1018 407 1370 454 resurrectionem
1396 407 1571 471 quidem
1602 408 1712 464 fieri,
1738 407 1812 453 sed

434 499 515 547 per
543 480 653 527 solas
682 478 860 525 animas.

501 552 600 598 Vll.
643 550 759 606 Quia
792 566 890 595 vero
924 558 1152 607 resurgunt
1183 559 1226 593 et
1259 565 1470 612 corpora,
1497 566 1584 594 non
1619 565 1729 612 opus
1751 559 1813 594 est

432 623 509 669 diu
543 623 746 668 disserere
777 630 877 684 post
904 619 1153 664 Sermonem
1180 621 1465 682 praeteritum.
1498 619 1582 665 Sed
1607 619 1814 679 objicitur

431 692 686 755 hujusmodi
709 689 906 755 quaestio.
935 690 979 735 Si
1000 707 1182 753 corpora
1198 689 1345 735 futura
1364 701 1480 746 sunt,
1504 689 1646 753 qualia
1668 690 1813 735 futura

433 766 561 810 sunt?
586 763 708 809 Talia
732 761 874 826 qualia
902 778 1018 806 nune
1040 771 1156 815 sunt,
1183 778 1236 805 an
1259 760 1433 806 alterius
1454 759 1605 806 modi?
1633 759 1677 805 Si
1702 759 1813 805 alte-

430 837 520 883 rius
554 834 691 890 modi,
732 833 827 897 quis
868 832 938 878 ille
974 831 1157 877 modus?
1197 831 1242 876 Si
1286 831 1405 886 talia,
1443 848 1542 891 ergo
1579 830 1632 876 ad
1664 830 1813 877 eadem

434 910 590 970 opera‘)
619 905 732 961 Quia
759 920 858 962 ergo
883 920 968 947 non
998 901 1146 947 eadem
1174 901 1422 964 praescribit
1448 901 1657 946 Dominus
1674 939 1684 957 ‚
1713 901 1813 964 quia

431 995 519 1024 non
537 976 590 1022 ad
613 975 710 1021 talia
725 974 851 1019 docet
865 971 1112 1036 Apostolus.
1141 972 1249 1016 Nam
1269 988 1355 1016 non
1375 971 1428 1016 ad
1443 970 1639 1016 eamdem
1657 971 1811 1023 vitam,

436 1066 522 1093 non
543 1047 598 1092 ad
621 1045 771 1091 eadem
794 1043 908 1088 facta
933 1041 1132 1086 mortalia
1156 1051 1197 1085 et
1220 1039 1527 1103 corruptibilia
1556 1051 1597 1085 et
1623 1041 1815 1104 peritura

432 1130 562 1181 atque
592 1114 874 1169 transeuntia.
907 1130 992 1158 non
1025 1111 1077 1156 ad
1105 1111 1295 1156 earnalia
1326 1110 1500 1171 gaudia,
1528 1128 1615 1155 non
1638 1110 1691 1155 ad
1724 1128 1816 1155 ear-

435 1189 548 1235 nales
578 1185 903 1233 consolationes.
939 1183 980 1227 Si
1003 1199 1102 1241 ergo
1128 1199 1215 1226 non
1245 1180 1296 1225 ad
1324 1180 1492 1236 eadem,
1523 1198 1601 1225 nee
1627 1180 1741 1227 talia.
1771 1180 1815 1224 Si

434 1278 520 1305 non
539 1258 659 1306 talia.
686 1254 905 1319 quomodo
920 1270 1019 1312 ergo
1043 1269 1142 1297 earo
1164 1254 1382 1309 resurget.3
1411 1250 1562 1295 Carnis
1582 1261 1724 1296 autom
1746 1267 1817 1295 re—

434 1330 742 1376 surrectionem
773 1326 986 1370 habemus
1003 1322 1213 1381 ini-egula
1238 1322 1338 1366 fidei
1355 1359 1364 1377 ‚
1387 1331 1428 1365 et
1449 1339 1542 1366 eam
1567 1322 1818 1367 confitentes

436 1400 728 1464 baptizamur.
753 1398 809 1441 Et
826 1394 1043 1458 quidquid
1068 1394 1129 1438 ibi
1154 1394 1430 1449 confitemur,
1448 1410 1494 1437 ex
1516 1393 1693 1438 veritate
1715 1392 1817 1437 etin

437 1471 615 1518 veritate
642 1467 924 1519 confitemur,
959 1465 1003 1509 in
1034 1480 1119 1526 qua
1146 1464 1334 1509 vivimus
1359 1473 1400 1507 et
1425 1479 1648 1508 movemur
1679 1473 1720 1507 et
1743 1479 1819 1508 su-

438 1559 548 1588 mus,
581 1536 916 1601 'temporalibus
940 1535 1053 1579 enim
1080 1533 1206 1593 gestis
1226 1544 1267 1578 et
1285 1533 1608 1578 transeuntibus
1632 1533 1820 1595 quibus-

440 1613 540 1658 dam
561 1627 611 1656 ae
635 1606 1002 1673 praetereuntibus
1023 1604 1146 1649 factis
1167 1604 1422 1648 instruimur
1449 1603 1503 1648 ad
1532 1603 1663 1648 vitani
1689 1614 1819 1648 aeter-

440 1700 556 1728 nain.
578 1679 739 1726 Omnia
751 1694 850 1741 quae
860 1686 972 1737 gesta
994 1685 1110 1731 sunt,
1127 1685 1173 1719 ut
1190 1674 1361 1718 salubre
1374 1673 1538 1736 aliquid
1554 1673 1818 1729 audiremus,

445 1765 493 1799 ut
526 1748 734 1797 miracula
760 1749 929 1802 fierent,
954 1755 1002 1790 ut
1027 1744 1238 1789 Dominus
1264 1755 1407 1789 noster
1435 1754 1697 1800 nasceretur,
1722 1760 1821 1788 esu-

445 1825 547 1869 riret
564 1832 604 1866 et
622 1819 773 1873 sitiret,
790 1814 1250 1879 comprehenderemr,
1271 1813 1543 1859 contumeliis
1561 1813 1819 1869 afficeretur,

446 1891 696 1957 vapularet,
717 1887 1065 1945 crucifigeretur,
1092 1894 1354 1940 moreretur,
1376 1883 1649 1947 sepeliretur,
1678 1901 1824 1929 resur-

449 1973 589 2025 geret.
621 1961 665 2005 in
689 1957 850 2004 eoelum
879 1955 1141 2010 ascenderet,
1170 1955 1313 2000 onmia
1336 1955 1625 2007 transierunt3
1653 1965 1694 2000 et
1722 1971 1824 1999 eum

447 2032 764 2099 praedieantur,
786 2027 886 2074 fidoi
908 2037 1065 2072 nostrae
1085 2026 1273 2070 actiones
1290 2024 1491 2087 quaedam
1509 2023 1766 2088 temporales
1784 2035 1825 2069 et

450 2102 705 2152 transitoria?
723 2098 1034 2163 praedieantur.
1063 2096 1290 2159 Numquid
1320 2097 1421 2158 quia
1448 2095 1554 2158 ipsae
1584 2105 1819 2150 transeunt,

451 2174 569 2240 quod
595 2190 672 2239 per
695 2189 764 2217 eas
787 2169 1031 2216 aedificatur
1054 2167 1248 2212 similiter
1276 2166 1461 2211 transit?
1489 2165 1692 2210 intendat
1711 2165 1825 2210 enim

453 2245 667 2292 Sanctitas
690 2243 862 2294 Vestra,
887 2249 935 2283 ut
954 2236 1136 2284 videatis
1158 2236 1243 2281 hoc
1265 2253 1342 2298 per
1369 2233 1708 2281 similitudinem.
1741 2236 1826 2281 Ar-

452 2316 668 2361 chitectus
688 2311 876 2356 aedificat
891 2325 970 2372 per
987 2306 1210 2352 machinas
1229 2305 1480 2350 transituras
1500 2303 1677 2349 domum
1698 2321 1828 2349 man-

452 2403 612 2433 suram.
643 2384 752 2428 lN‘am
776 2381 821 2426 in
844 2380 925 2424 isto
950 2388 1038 2423 tani
1062 2393 1217 2436 magno
1240 2387 1282 2421 et
1301 2375 1465 2439 amplo,
1490 2373 1607 2437 quod
1633 2373 1829 2421 videmus

453 2455 663 2509 aedifieio,
694 2468 795 2498 cum
818 2449 1122 2503 instrueretur,
1156 2446 1375 2492 machina:
1403 2446 1603 2502 fuerunt,
1631 2461 1731 2508 quae
1752 2444 1829 2490 hic

450 2526 583 2574 niodo
600 2541 687 2571 non
706 2533 830 2575 sunt3
848 2520 949 2585 quia
966 2518 1085 2585 quod
1103 2535 1182 2583 per
1197 2535 1265 2564 eas
1280 2516 1602 2572 aedificabatur,
1618 2518 1709 2575 jam
1722 2531 1829 2580 per-

449 2599 610 2645 feetum
640 2604 735 2641 stat.
776 2592 847 2640 Sic
885 2608 1002 2651 erge,
1040 2590 1208 2646 fratres,
1244 2587 1548 2636 aedificabatur
1581 2585 1747 2652 aliquid
1782 2585 1826 2631 in
