1863 3246
395 335 537 364 SERMO
575 335 716 375 eccm,
758 335 812 365 DE
848 334 1148 365 POEMTENTIA.
1351 334 1440 380 297

71 416 151 464 per
173 398 557 445 sanctificationem
589 399 799 463 baptismi
827 399 1042 450 nascitur,
1077 408 1127 443 ut
1157 397 1444 461 quemadmo-

73 469 178 515 dum
203 468 383 532 deponit
405 470 469 515 ibi
494 470 636 514 omnia
664 480 842 533 peccata
865 468 1101 533 praeterita‚
1122 468 1180 513 ita
1200 468 1330 513 etiam
1354 478 1445 512 sta-

74 541 151 586 tim
171 540 473 586 mortalitatem
495 540 634 604 ipsam
655 542 794 586 earnis
809 539 1218 602 corruptionemque
1237 539 1439 602 deponat.

76 610 204 666 Quod
231 612 264 656 si
292 628 378 656 non
408 611 469 657 ita
494 622 580 667 est,
612 622 741 656 restat
774 622 822 656 ut
853 610 961 656 illud
988 610 1105 673 quod
1131 610 1340 672 scriptum
1367 618 1444 663 est,

76 680 195 744 quod
218 681 346 726 etiam
369 682 551 745 quisque
580 683 624 727 iu
649 700 690 727 se
712 682 840 727 sentit
858 681 1022 736 adhue,
1052 680 1154 725 (lum
1181 680 1226 725 in
1254 679 1339 724 hac
1362 678 1451 724 vita

78 760 158 807 est,
180 772 200 791 «
222 753 392 815 Corpus
411 752 530 815 quod
549 753 844 816 corrumpitur
866 761 1066 811 aggravet
1083 750 1272 795 animam
1286 787 1296 805 ‚
1318 760 1359 794 et
1379 748 1450 793 de-

81 843 102 863 »
119 821 283 885 primat
302 832 464 868 terrena
485 824 748 869 inhabitatio
767 828 934 869 sensnm
952 821 1089 867 multa
1105 818 1399 881 cogitanteml.
1427 841 1447 859 υ

82 892 212 947 Quod
240 903 342 938 tunc
366 893 411 938 in
435 893 509 939 illa
533 893 804 939 beatitudine
823 893 925 956 quia
944 909 1031 937 non
1057 891 1154 947 crit,
1183 908 1283 936 cum
1308 890 1453 935 absor-

80 962 259 1008 bebitur
285 980 398 1009 mors
417 964 460 1009 in
483 964 736 1009 victoriam2
762 981 771 1008 :
796 963 893 1026 quis
919 962 1092 1007 dubitet
1112 961 1158 1006 in
1182 974 1456 1024 quacumque

82 1032 310 1096 temporali
335 1032 538 1079 felicitate
564 1050 797 1089 versemur,
818 1032 1031 1096 poenitere
1049 1042 1193 1077 tamen
1210 1048 1286 1076 nos
1300 1029 1456 1075 debere

82 1102 214 1162 hujus
229 1103 348 1158 vitre,
370 1114 417 1148 ut
437 1103 490 1149 ad
510 1104 627 1149 illam
646 1103 1017 1167 incorruptionem
1034 1112 1120 1147 tota
1140 1100 1343 1159 aviditate
1360 1116 1457 1145 cur-

83 1175 257 1218 ramus?
285 1172 392 1218 lnde
408 1184 470 1218 est
487 1174 600 1219 enim
619 1174 736 1237 quod
757 1174 885 1219 etiam
907 1172 1138 1236 Apostolus
1159 1172 1219 1217 ait
1237 1188 1247 1216 :
1267 1191 1287 1212 ι(
1308 1173 1458 1226 Quan-

86 1264 107 1284 »
129 1242 205 1288 diu
241 1259 388 1289 sumus
416 1244 462 1290 in
489 1261 670 1308 corpore
689 1282 699 1300 ‚
737 1244 1063 1308 peregrinamur
1087 1261 1109 1288 a
1134 1242 1320 1287 Domino
1347 1259 1356 1286 :
1382 1257 1459 1304 per

87 1333 108 1354 >2
128 1312 255 1358 fidem
281 1314 396 1359 enim
416 1314 707 1371 ambulamus,
735 1331 821 1359 non
841 1331 920 1378 per
940 1312 1167 1377 speeien13.
1195 1333 1216 1353 »
1234 1311 1343 1368 Quis
1361 1326 1459 1370 ergo

87 1382 258 1429 festinat
277 1395 405 1447 atque
424 1396 548 1448 optat
565 1385 618 1430 ad
638 1385 824 1448 patriam
850 1399 1054 1439 remeare,
1077 1393 1118 1428 et
1137 1382 1254 1428 illam
1274 1381 1461 1445 speciem

88 1469 189 1516 quae
207 1464 268 1498 est
289 1454 398 1501 facie
420 1455 474 1501 ad
498 1455 651 1501 faciem
679 1454 982 1518 contemplari,
1010 1453 1090 1499 nisi
1114 1470 1243 1517 quem
1268 1450 1462 1516 peregri-

89 1524 272 1570 nationis
287 1542 375 1571 suae
392 1526 675 1589 poenituerit?
696 1527 756 1571 Ex
775 1542 861 1589 quo
881 1525 1028 1571 dolore
1044 1523 1314 1588 poenitentis,
1334 1522 1463 1567 etiam

90 1610 170 1642 vox
188 1594 261 1640 illa
278 1596 532 1642 miserabilis
551 1597 741 1660 erumpit
760 1607 803 1642 et
821 1606 942 1642 sonat
961 1613 971 1640 :
989 1617 1009 1636 «
1028 1596 1123 1640 IIeu
1146 1612 1234 1650 me,
1259 1591 1464 1656 quoniam

93 1686 114 1707 »
135 1666 419 1728 peregrinatio
440 1685 530 1713 mea
549 1667 786 1730 longinqua
804 1666 918 1712 facta
936 1676 1010 1712 est.
1037 1688 1056 1707 »
1072 1666 1128 1710 Et
1145 1682 1195 1710 ne
1215 1674 1340 1727 putes
1359 1679 1464 1707 non-

94 1735 200 1780 dum
220 1736 389 1782 fidelem
411 1737 490 1783 ista
513 1737 651 1800 loqui,
672 1737 770 1783 vide
793 1736 900 1799 quid
922 1736 1113 1799 sequitur
1135 1752 1145 1780 ε
1169 1755 1189 1775 «
1210 1731 1462 1779 lnhabitavi

95 1806 181 1851 »in
207 1807 494 1855 tabernaculis
529 1808 822 1854 Cedai·:cum
859 1807 928 1852 his
965 1807 1041 1870 qui
1077 1805 1263 1851 oderunt
1294 1820 1465 1867 pacem,

97 1892 251 1921 »eram
286 1878 525 1940 pacificus3
562 1895 662 1924 cum
694 1878 892 1941 loquerer
923 1877 1007 1932 cis,
1045 1874 1365 1939 impugnabant
1403 1889 1470 1917 me

98 1965 119 1986 υ
139 1944 307 1992 valde4.
335 1968 354 1987 »
375 1948 472 1993 Nou
503 1948 639 1993 solum
667 1947 858 1993 hominis
884 1945 1044 1998 fidelis,
1071 1945 1142 1990 sed
1170 1945 1297 1989 etiam
1325 1944 1471 1987 Eran-

99 2014 257 2074 gelistae
284 2017 513 2063 firmissimi
539 2028 580 2062 et
608 2016 808 2072 Martyris
832 2015 1050 2061 fortissimi
1077 2015 1174 2059 hare
1199 2013 1328 2059 verba
1354 2022 1465 2056 sunt.

104 2086 212 2130 Nam
237 2085 335 2131 inde
359 2098 419 2132 est
441 2087 568 2132 etiam
596 2087 702 2132 illud
719 2076 917 2149 ‘Apostoli
941 2103 951 2129 ε
975 2107 995 2125 «
1019 2085 1190 2129 Scimus
1214 2084 1345 2131 enim,
1371 2081 1471 2144 'quia

102 2175 122 2196 »
143 2166 184 2200 et
206 2156 239 2201 si
263 2166 426 2202 terrena
451 2168 593 2203 nostra
618 2157 772 2202 domus
797 2157 926 2215 liujus
953 2154 1236 2200 habitationis
1261 2152 1473 2198 dissolva-

104 2246 124 2266 »
148 2235 232 2283 tur,
256 2227 588 2272 {edificationem
611 2228 820 2272 habemus
840 2244 886 2270 ex
909 2227 1013 2275 Deo,
1036 2224 1215 2269 ‹lomum
1238 2241 1322 2268 non
1347 2237 1474 2266 manu

105 2315 124 2336 υ
144 2295 320 2350 saetam,
341 2296 605 2341 aeternamm
625 2296 759 2343 foetis.
782 2295 950 2340 Etenim
973 2294 1017 2339 in
1039 2293 1122 2338 lior,
1141 2291 1474 2352 ingemiscimus,

21 2382 41 2423 χ
105 2386 126 2406 »
148 2364 449 2411 habitaculum
479 2377 692 2421 nostrum,
731 2366 849 2429 qnod
881 2365 933 2410 de
964 2363 1076 2409 ewlo
1110 2373 1197 2414 est,
1225 2359 1478 2424 superindui

107 2454 127 2475 >1
147 2435 451 2497 cupient‹·s:si
485 2447 626 2481 tamen
652 2447 693 2480 et
726 2436 895 2485 induti,
933 2452 1019 2480 non
1051 2433 1154 2479 nudi
1189 2432 1472 2477 inveniamur.

42 2542 45 2554 ,
109 2526 130 2546 υ
151 2505 318 2550 Etenim
336 2505 411 2568 qui
430 2507 630 2552 sumusin
649 2506 729 2551 hac
745 2505 1032 2560 habitatione,
1050 2501 1368 2562 ingemiscimus
1387 2517 1478 2558 gra-

158 2605 168 2628 ¹
202 2607 275 2649 Sap.
305 2618 362 2651 ¹¹,
395 2608 447 2641 ¹5·
477 2625 519 2632 —
539 2605 554 2630 ²
578 2618 590 2640 ι
625 2609 700 2640 Cur.
732 2617 788 2651 xv,
820 2608 876 2644 51..
906 2623 949 2629 -
968 2603 982 2627 ³
1004 2616 1021 2636 2
1042 2607 1118 2637 Cor.
1146 2615 1176 2643 v,
1202 2603 1234 2638 (ἰ,
1256 2613 1285 2641 7.
1305 2618 1349 2624 —-
1371 2597 1380 2622 θ
1402 2599 1482 2631 l’sat.

111 2670 201 2705 cxix,
222 2661 291 2701 5-7.
