1999 3282
489 289 544 335 16
890 299 924 330 s.
968 297 1207 330 Auensrmi
1242 297 1443 330 EPISCOPI

481 367 631 415 mortis
647 366 920 431 asperitatem
938 365 1210 412 durissimam
1228 365 1514 429 pertulerunt.
1543 366 1654 412 Nam
1679 365 1713 412 si
1725 365 1850 413 facile

478 451 542 486 est
562 449 744 486 mortem
767 438 876 485 ferre
894 475 905 494 ,
933 436 1041 501 quid
1072 453 1280 497 magnum
1318 438 1530 501 Martyres
1563 454 1644 501 pro
1675 437 1851 483 Domini

478 520 615 556 morte
645 510 943 573 pertulerunt?
974 507 1098 553 Unde
1115 508 1278 567 magni,
1305 508 1421 553 unde
1439 507 1605 564 excelsi,
1636 507 1751 554 unde
1768 525 1852 554 cae-

476 580 578 625 teris
597 580 851 625 hominibus
877 578 1014 625 multo
1038 577 1261 623 florentius
1290 578 1512 623 coronati?
1550 577 1675 623 Unde
1692 615 1703 634 ,
1733 577 1853 641 quod

477 660 638 696 norunt
654 649 817 706 fideles,
839 648 1035 695 distincti
1054 666 1076 692 a
1100 646 1316 693 defunctis
1337 647 1434 693 loco
1448 664 1523 693 suo
1546 648 1760 710 Martyres
1779 664 1852 692 re-

478 721 691 776 citantur,
720 737 798 765 nec
819 737 900 784 pro
920 719 979 764 eis
1005 728 1153 764 oratur
1168 754 1180 773 ‚
1209 717 1283 763 sed
1308 734 1456 763 eorum
1475 717 1744 764 orationibus
1762 717 1853 762 Ec-

479 791 602 837 clesia
630 791 985 837 commendatur?
1019 789 1143 834 Unde
1168 788 1280 844 1100,
1305 789 1388 834 11151
1412 789 1515 852 quia
1554 805 1693 845 mors,
1722 804 1854 851 quam

476 878 557 924 pro
606 862 833 906 Dominica
863 859 1125 906 confessione
1165 857 1382 917 elegerunt
1424 858 1638 921 suscipere
1661 895 1672 914 ,
1720 875 1854 921 quam

479 931 704 976 Christum
729 948 881 990 negare
899 967 910 986 ‚
943 930 1093 991 utique
1118 945 1262 973 amara
1289 931 1379 973 esti>
1406 929 1567 991 Utique
1600 939 1756 973 natura
1782 944 1854 972 re-

476 1000 588 1060 fugit
609 1013 805 1047 mortem.
854 1002 1026 1045 Intuere
1051 1016 1176 1044 omne
1219 997 1471 1044 animalium
1502 1015 1652 1057 genus,
1682 997 1855 1043 nullum

476 1070 665 1117 invenies
683 1070 801 1134 quod
820 1070 928 1114 nolit
950 1069 1109 1124 vivere,
1131 1067 1250 1131 quod
1266 1085 1354 1113 non
1378 1067 1726 1114 timeatinterire.
1759 1068 1855 1113 Ha-

477 1140 553 1185 1101
574 1141 704 1186 15111111
728 1157 899 1186 sensum
924 1157 1056 1198 genus
1078 1139 1338 1185 humanum.
1366 1139 1486 1183 Dura
1518 1148 1581 1183 est
1611 1156 1724 1183 mors
1747 1156 1757 1183 ε
1781 1139 1853 1184 sed

478 1227 583 1265 non,
610 1211 807 1273 iuquam,
838 1210 938 1272 quia
955 1226 1069 1254 mors
1095 1219 1158 1254 est
1177 1208 1305 1265 dura,
1332 1208 1429 1253 ideo
1453 1207 1648 1267 neganda
1667 1219 1728 1254 est
1746 1209 1849 1257 vita.

476 1281 629 1325 Petrus
651 1281 780 1325 etiam
802 1296 921 1325 senex
944 1278 1119 1323 nolebat
1142 1278 1264 1325 mori.
1299 1278 1409 1322 Mori
1435 1277 1612 1339 quidem
1637 1278 1815 1325 nolebat
1837 1317 1847 1333 ,

479 1350 552 1394 sed
572 1349 797 1394 Christum
835 1349 953 1411 sequi
986 1348 1187 1394 malebat.
1219 1347 1407 1392 Mais-bat
1441 1348 1668 1393 Christum
1705 1349 1850 1411 sequi,

478 1437 608 1482 quam
629 1438 715 1465 non
726 1420 847 1465 mori.
876 1419 921 1463 Si
939 1420 1006 1463 via
1020 1418 1104 1463 lata
1117 1429 1238 1469 esset,
1261 1434 1346 1481 qua
1361 1418 1449 1462 sine
1471 1428 1604 1463 morte
1622 1418 1854 1465 Christum

479 1501 747 1554 sequeretur,
772 1490 867 1553 quis
891 1489 1063 1534 dubitet
1086 1488 1206 1551 quod
1237 1489 1352 1533 hanc
1375 1489 1606 1551 arriperet.
1630 1489 1746 1534 hanc
1773 1490 1854 1534 eli-

481 1564 620 1619 geret?
645 1560 729 1605 Sed
752 1578 839 1606 non
864 1571 954 1605 erat
979 1576 1064 1623 qua
1085 1559 1204 1621 sequi
1229 1559 1453 1603 Christum
1474 1576 1560 1621 quo
1585 1559 1646 1604 ire
1659 1559 1851 1616 volebat,

482 1630 561 1675 nisi
576 1630 779 1693 perviam
797 1646 927 1693 quain
951 1628 1043 1691 pati
1066 1628 1255 1674 nolebat.
1283 1627 1479 1690 Denique
1496 1645 1575 1690 per
1596 1628 1715 1673 illam
1735 1646 1856 1674 nior-

485 1700 536 1744 tis
559 1701 831 1762 asperitatem
847 1699 1052 1744 arietibus
1074 1697 1397 1743 transeuntibus
1427 1708 1584 1743 secutae
1616 1709 1716 1743 sunt
1739 1716 1849 1746 oves.

485 1769 645 1814 Arietes
669 1770 813 1814 ovium
833 1768 970 1813 sancti
993 1767 1203 1830 Apostoli.
1236 1768 1398 1829 Aspera
1426 1767 1495 1812 via
1521 1767 1688 1825 mortis,
1722 1767 1856 1831 spinis

483 1837 611 1899 plena
639 1855 649 1881 :
675 1837 748 1883 sed
768 1838 860 1883 istae
884 1838 1021 1900 spinae
1044 1838 1171 1882 Petra
1196 1847 1238 1882 et
1255 1837 1383 1881 Petro
1408 1846 1653 1882 transeunte
1668 1874 1679 1894 ,
1701 1838 1857 1900 petreis

485 1906 672 1969 pedibus
691 1908 805 1953 tritae
828 1918 941 1954 sunt.

550 1978 624 2024 1V.
659 1979 756 2023 Non
773 1977 1149 2041 reprehendimus,
1176 1995 1264 2024 non
1276 1996 1546 2035 accusamus,
1569 1980 1698 2026 etiam
1715 1980 1751 2025 si
1769 1980 1859 2026 vita

484 2046 563 2092 ista
591 2059 772 2095 ametur.
794 2048 865 2093 Sic
891 2058 1033 2093 tamen
1050 2048 1137 2094 vita
1157 2049 1236 2094 ista
1257 2059 1446 2105 ametur,
1466 2066 1519 2095 ne
1544 2050 1589 2095 in
1609 2054 1698 2109 ejus
1715 2067 1858 2095 amore

486 2127 708 2179 peccetur.
740 2119 918 2163 Ametur
934 2118 1041 2172 vita,
1072 2118 1143 2163 sed
1168 2118 1349 2178 eligatur
1364 2119 1463 2165 vita.
1496 2120 1719 2179 Interrogo
1736 2137 1858 2165 ama-

486 2197 596 2233 tores
618 2187 720 2234 vitae
740 2224 752 2244 ‚
786 2197 829 2232 et
851 2187 950 2232 dico
978 2205 988 2231 t
1019 2208 1039 2227 «
1059 2187 1168 2243 Quis
1191 2198 1253 2233 est
1276 2189 1408 2233 homo
1432 2189 1507 2251 qui
1538 2189 1633 2235 vult
1655 2191 1816 2236 vitam?
1837 2211 1858 2231 »

487 2257 630 2302 Etiam
655 2257 777 2302 taciti
797 2274 944 2302 omnes
962 2258 1229 2320 respondetis
1257 2276 1267 2302 ε
1297 2260 1407 2315 01115
1427 2269 1487 2304 051
1504 2259 1655 2316 homo,
1679 2260 1755 2323 qui
1772 2277 1858 2306 non

485 2326 580 2372 vult
608 2328 768 2374 vitam?
814 2326 941 2372 Addo
977 2326 1095 2390 quod
1142 2327 1338 2374 Psalmus
1377 2328 1547 2375 addidit
1575 2347 1585 2373 x
1615 2351 1636 2371 «
1658 2331 1768 2385 Quis
1797 2342 1858 2375 est

486 2417 508 2438 »
531 2396 686 2453 1101110,
710 2396 786 2459 qui
801 2396 896 2443 vult
909 2396 1070 2453 vitain,
1096 2408 1138 2441 01
1157 2396 1299 2456 diligit
1324 2397 1470 2444 videre
1500 2398 1589 2444 dies
1610 2399 1748 2445 bonos
1765 2398 1812 2445 Ψ.)
1837 2420 1858 2441 »

486 2466 791 2531 Respondetur
819 2484 829 2511 τ
858 2467 967 2524 01115
990 2467 1102 2513 enim
1127 2468 1259 2513 homo
1283 2479 1361 2524 est,
1380 2469 1454 2531 qui
1478 2485 1567 2514 non
1588 2468 1681 2515 vult
1702 2470 1854 2516 vitani.

486 2549 529 2584 et
545 2538 725 2601 quinon
741 2536 894 2598 diligat
918 2537 1062 2585 videre
1081 2537 1169 2586 dies
1187 2538 1354 2585 bonos?
1382 2538 1425 2585 Si
1443 2555 1541 2601 ergo
1558 2540 1622 2588 vis
1645 2538 1699 2587 ad
1723 2539 1857 2588 vitam

536 2625 547 2649 ²
566 2624 643 2658 Psal.
659 2635 785 2669 xxxin,
805 2626 857 2673 13.¹
