1942 3272
450 301 544 365 396
871 318 907 350 s.
949 317 1193 351 mensum
1228 319 1433 352 nmscom

449 382 552 430 data
568 399 668 431 vero
700 383 786 431 fide
812 385 1135 432 resurrectionis
1161 398 1430 434 mortuorum
1448 425 1459 443 ‚
1495 404 1583 434 non
1620 388 1830 436 continuo

449 454 656 501 securitas
687 467 750 502 est
770 456 823 502 de
847 457 992 503 animo
1012 456 1278 516 christiano,
1314 458 1395 505 nisi
1426 458 1718 520 distinguatur
1740 460 1831 508 vita

448 526 523 573 illa
546 545 646 592 quae
668 527 813 574 futura
831 538 917 585 est,
943 528 999 573 ab
1020 528 1099 573 ista
1119 545 1219 592 quae
1243 530 1408 576 transit.
1446 530 1599 593 Itaque
1635 530 1695 576 sic
1721 548 1830 594 pro-

448 599 704 664 ponendum
721 609 783 645 est
806 617 817 645 z
842 599 888 646 Si
903 617 991 646 non
1011 611 1231 660 resurgent
1248 601 1432 658 mortui,
1454 601 1574 647 nulla
1590 619 1687 665 spes
1704 601 1831 647 nobis

450 680 513 716 est
535 670 696 717 futurae
719 670 822 717 vitae
844 688 855 715 ε
879 670 913 716 si
937 680 1081 716 autem
1103 682 1324 731 resurgent
1343 671 1532 728 mortui,
1554 672 1635 717 erit
1653 671 1831 735 quidem

449 739 541 787 vita
564 740 739 795 futura3
767 740 841 787 sed
863 740 1053 787 secunda
1073 741 1255 804 quaestio
1275 752 1337 787 est
1356 779 1366 799 ,
1391 741 1528 806 qualis
1556 741 1651 789 erit.
1682 741 1831 788 Prima

448 810 596 875 itaque
616 811 854 876 disputatio
885 823 974 869 est,
1009 822 1158 858 utrum
1184 811 1331 859 futura
1355 812 1408 859 sit
1427 813 1682 859 resurreetio
1709 829 1831 858 mor-

451 893 627 929 tuorum
659 901 670 929 ε
701 883 891 930 secunda
911 900 1012 930 vero
1047 882 1288 949 disputatio
1307 894 1392 942 est,
1425 883 1566 947 qualis
1600 883 1747 930 futura
1769 893 1831 929 est

451 971 497 1000 m
521 965 834 1001 resurrectione
857 965 947 1001 vita
971 964 1235 1001 sanctorum.

517 1025 601 1072 III.
645 1025 734 1082 Qui
760 1041 859 1085 ergo
883 1023 1039 1070 dicunt
1063 1035 1256 1070 mortuos
1281 1040 1370 1069 non
1403 1040 1644 1084 resurgere,
1674 1023 1832 1070 Chris-

452 1094 560 1142 tiani
581 1112 669 1141 non
694 1105 795 1141 sunt
815 1112 826 1140 :
853 1095 930 1159 qui
946 1112 1046 1142 vero
1068 1104 1230 1158 putant
1245 1104 1456 1151 mortuos,
1479 1111 1580 1140 cum
1600 1110 1833 1140 resurrexe-

450 1166 563 1223 rint,
600 1166 830 1212 carnaliter
861 1183 947 1212 esse
985 1166 1201 1223 victuros,
1228 1164 1418 1211 carnales
1449 1165 1689 1210 Christiani
1712 1174 1826 1211 sunt.

454 1236 684 1301 Quidquid
706 1255 805 1298 ergo
827 1237 1136 1301 disputationis
1164 1247 1227 1282 est
1250 1236 1450 1283 adversus
1478 1235 1728 1299 opinionem
1756 1251 1833 1281 eo-

452 1325 568 1366 rum,
591 1309 665 1373 qui
683 1310 1039 1355 resurrectionem
1055 1319 1326 1354 mortuorum
1345 1318 1521 1368 negant,
1543 1306 1744 1354 adversus
1764 1323 1834 1352 eos

452 1380 610 1443 estqui
630 1379 732 1426 foris
765 1391 889 1438 sunt,
920 1398 966 1427 ex
999 1397 1188 1444 quorum
1205 1396 1387 1425 numero
1416 1396 1505 1424 non
1542 1377 1618 1423 hic
1647 1377 1835 1423 arbitror

456 1449 599 1497 adesse
625 1449 825 1514 aliquem.
857 1450 982 1497 Unde
1007 1450 1225 1514 superflua
1247 1449 1385 1496 videri
1402 1459 1544 1513 potest
1568 1458 1714 1494 nostra
1741 1446 1835 1493 dis-

455 1521 581 1567 sertio
599 1558 611 1578 ,
633 1521 666 1566 si
687 1521 819 1568 fuerit
840 1522 1070 1567 immorata
1087 1558 1098 1578 ‚
1126 1531 1176 1567 ut
1204 1519 1358 1567 docere
1383 1535 1591 1565 conemur
1619 1534 1835 1578 resurgere

454 1600 662 1639 mortuos,
694 1591 977 1637 Auctoritatis
998 1591 1112 1637 enim
1149 1589 1342 1654 pondere
1368 1588 1642 1635 Christianus
1665 1587 1836 1634 ducen-

456 1662 537 1709 dus
557 1673 644 1720 est,
671 1663 747 1727 qui
762 1668 854 1724 jam
879 1663 1057 1709 Christo
1076 1662 1261 1708 credidit
1277 1700 1288 1719 ‚
1318 1661 1395 1724 qui
1414 1659 1683 1707 nullomodo
1706 1669 1836 1723 putat

454 1733 629 1780 mentiri
648 1734 920 1798 Apostolum.
945 1733 1118 1779 Sufficit
1136 1749 1237 1793 ergo
1258 1743 1307 1778 ut
1321 1732 1399 1777 iste
1418 1730 1593 1776 audiat:
1619 1751 1640 1772 «
1660 1730 1705 1776 Si
1723 1746 1837 1775 mor-

455 1827 477 1848 »
497 1805 560 1851 tui
582 1823 669 1851 non
692 1816 946 1866 resurgunt,
970 1805 1110 1851 inanis
1127 1815 1189 1850 est
1212 1802 1470 1867 praedicatio
1499 1811 1645 1847 nostra
1661 1839 1672 1857 ,
1699 1799 1837 1846 inanis

456 1898 480 1920 >2
499 1887 562 1922 est
588 1887 630 1922 et
653 1875 759 1922 fides
780 1887 934 1924 vestra.
972 1876 1016 1921 Si
1046 1875 1209 1922 mortui
1225 1912 1235 1931 ³
1266 1872 1432 1937 inquit,
1469 1889 1558 1918 non
1581 1881 1833 1932 resurgunt,

459 1967 480 1990 7)
498 1963 637 2010 neque
661 1947 862 1994 Christus
881 1945 1149 1993 resurrexitl.
1181 1967 1201 1987 ›>
1227 1945 1273 1990 Si
1298 1955 1439 1990 autem
1468 1943 1669 1989 Christus
1691 1959 1838 1988 resur-

459 2018 565 2065 rexit
578 2055 590 2075 ,
610 2018 655 2064 in
672 2035 759 2082 quo
783 2018 897 2066 salus
918 2029 980 2064 est
999 2017 1351 2064 Christianorum
1367 2053 1378 2072 ‚
1405 2032 1494 2060 non
1511 2013 1662 2077 utique
1679 2013 1839 2076 impos-

459 2089 583 2136 sibile
605 2100 667 2135 est
691 2107 909 2150 resurgere
935 2100 1128 2135 mortuos
1149 2106 1159 2133 :
1188 2087 1396 2150 quoniam
1423 2085 1493 2132 ille
1524 2085 1599 2148 qui
1618 2084 1840 2132 suscitavit

462 2161 620 2207 Filium
641 2177 767 2207 suum
782 2198 794 2218 ‚
814 2172 856 2207 et
871 2160 941 2207 ille
961 2161 1038 2224 qui
1058 2158 1282 2205 suscitavit
1305 2173 1480 2202 carnem
1503 2173 1624 2202 suam
1642 2193 1653 2212 ,
1681 2165 1838 2201 caetero

460 2232 657 2296 corpori,
681 2231 801 2295 quod
818 2243 881 2278 est
900 2231 1093 2278 Ecclesia
1109 2267 1120 2286 ‚
1142 2229 1187 2275 in
1208 2228 1350 2292 capite
1373 2226 1688 2273 demonstravit
1703 2242 1838 2271 exem-
1892 2249 1894 2251 ·

460 2302 599 2367 plum.
634 2303 808 2347 Poterat
829 2319 928 2361 eigo
953 2318 1039 2346 esse
1060 2316 1188 2363 supei
1191 2299 1278 2344 flua
1295 2297 1534 2361 disputatio
1556 2296 1609 2342 de
1628 2312 1840 2343 resurrec-

461 2374 576 2419 tione
597 2383 792 2418 mortum
796 2389 896 2428 um
917 2383 965 2417 ut
979 2376 1069 2432 jam
1092 2371 1407 2433 susciperemus
1424 2385 1544 2425 eam,
1573 2384 1707 2431 quam
1726 2367 1840 2412 inter

463 2463 505 2491 se
532 2443 772 2490 Christiani
805 2444 943 2490 solent
967 2443 1158 2496 habere,
1186 2458 1287 2488 cum
1318 2439 1668 2486 resurrexerimus
1692 2435 1840 2501 quales

463 2515 645 2570 erimus,
669 2513 1040 2578 quemadmodum
1057 2530 1083 2560 v
1089 2513 1129 2559 ix
1132 2529 1276 2569 emus,
1300 2528 1399 2574 qua
1418 2520 1545 2556 erunt
1559 2509 1728 2568 negotia
1744 2524 1839 2552 nos-

466 2602 548 2642 tra,
571 2596 779 2632 erunt-ne
800 2586 942 2650 aliqua
960 2623 970 2642 ,
994 2596 1068 2632 aut
1085 2584 1205 2631 nulla
1227 2601 1238 2630 :
1260 2583 1294 2630 si
1317 2582 1435 2629 nulla
1455 2592 1604 2639 erunt,
1631 2578 1838 2627 desidiose

515 2676 525 2699 ¹
552 2688 562 2710 1
582 2678 656 2711 Cor.
673 2686 723 2717 κν,
749 2677 874 2717 13,14.

1912 2507 1914 2525 ⁴.
1909 2179 1917 2492 ffl-a-ss-—ssffi-ffl„
1916 2143 1917 2162 Η
1916 2118 1917 2131 Η
1916 2090 1917 2094 Α
1916 2070 1917 2075 Α
