1942 3272
428 329 519 386 422
849 345 884 376 s.
916 332 1171 377 'Auousrml
1207 347 1409 378 EPISCOPI

426 409 618 456 eulmina
651 409 953 471 subriguntur,
995 423 1129 476 caput
1164 423 1309 459 tamen
1345 414 1391 459 in
1431 424 1556 461 terrae
1588 414 1802 462 soliditate

427 481 711 528 constituunt.
742 481 813 527 Sic
841 492 881 527 et
905 493 1039 545 caput
1070 482 1273 529 Ecelesiae
1299 485 1519 548 praecessit
1542 486 1588 540 in
1617 486 1798 543 coelum,

426 563 469 597 et
495 551 610 597 sedet
635 552 689 597 ad
709 551 923 597 dexteram
950 552 1103 599 Patris.
1137 552 1370 609 Quomodo
1394 566 1630 619 operantur
1654 555 1804 602 homi-

426 639 518 675 nes,
548 632 596 667 ut
620 621 674 667 ad
701 623 1055 668 constituendum
1077 622 1411 671 fundamentum
1442 625 1608 690 aliquid
1628 627 1805 673 trahant

429 692 548 756 quod
565 693 611 737 in
630 692 717 737 imo
734 693 973 749 stabiliant,
994 705 1174 757 propter
1194 696 1463 742 securitatem
1482 708 1806 761 superventurae

428 763 553 808 molis
579 763 624 807 in
647 764 1044 808 constructionibus
1067 764 1247 810 fabricae
1267 765 1426 812 futurae
1444 784 1454 811 z
1474 767 1534 813 sic
1559 785 1639 831 per
1663 768 1807 813 omnia

427 832 501 878 illa
516 850 616 896 quae
634 834 908 893 contigerunt
924 834 968 879 in
995 833 1189 890 Christo,
1211 837 1347 889 nasei,
1370 854 1574 893 erescere,
1603 855 1806 902 compre-

428 903 590 960 hendi,
618 904 926 950 contumeliam
961 906 1078 968 pati.
1114 906 1344 965 flagellari,
1384 908 1603 968 crucifigi,
1645 908 1803 965 occidi,

425 974 554 1030 mori,
580 974 767 1038 sepeliri,
795 975 913 1020 velut
942 986 1123 1022 attracta
1149 987 1211 1021 est
1234 977 1366 1022 moles
1389 978 1443 1023 ad
1469 977 1803 1024 fundamentum

431 1045 617 1091 coeleste.

508 1115 585 1163 IX.
616 1116 762 1161 Posito
786 1133 885 1175 ergo
907 1116 953 1162 in
977 1116 1155 1161 summis
1171 1117 1452 1164 fundamento
1472 1129 1634 1175 nostro,
1666 1118 1811 1165 aedifi-

432 1203 580 1231 eemur
601 1187 647 1232 in
667 1204 729 1233 eo.
766 1187 879 1232 Audi
909 1187 1160 1251 Apostolum
1182 1205 1191 1232 :
1212 1209 1232 1229 c<
1250 1189 1619 1246 Fundamentum,
1645 1191 1806 1254 inquit,

440 1280 456 1299 υ
481 1255 598 1302 aliud
618 1274 744 1303 nemo
765 1268 906 1320 potest
926 1275 1104 1321 ponere,
1128 1268 1286 1321 praeter
1306 1258 1351 1304 id
1372 1260 1491 1323 quod
1514 1261 1704 1324 positum
1727 1271 1807 1317 est,

435 1348 455 1369 »
479 1328 599 1391 quod
620 1338 682 1373 est
709 1328 911 1374 Christus
931 1329 1068 1374 Jesus.
1100 1350 1120 1369 υ
1152 1329 1236 1374 Sed
1257 1330 1363 1392 quid
1389 1330 1608 1394 sequitur?
1634 1354 1653 1372 «
1672 1332 1811 1376 Unus-

437 1417 460 1439 »
485 1397 668 1461 quisque
706 1408 849 1443 autem
870 1398 1016 1444 videat
1042 1399 1147 1462 quid
1173 1399 1488 1462 superafdificet
1511 1418 1642 1465 super
1657 1401 1811 1447 funda-

431 1489 454 1509 »
477 1479 673 1514 mentum
700 1505 710 1523 ,
738 1483 908 1524 aurum,
939 1480 1180 1527 argentum,
1207 1469 1372 1533 lapides
1397 1472 1605 1533 pretiosos
1624 1509 1634 1527 ,
1662 1471 1777 1532 ligna
1796 1509 1808 1528 ,

434 1561 455 1581 ))
479 1538 649 1584 foenum
671 1576 681 1595 ,
710 1538 959 1602 stipulam1.
986 1561 1005 1580 >)
1033 1541 1083 1584 ln
1117 1539 1229 1585 coelo
1259 1540 1437 1603 quidem
1479 1541 1678 1587 Christus
1719 1553 1809 1598 est,

434 1608 507 1654 sed
532 1609 660 1653 etiam
683 1608 729 1653 in
749 1609 879 1654 eorde
911 1609 1197 1656 credentium.
1230 1610 1275 1655 Si
1295 1610 1485 1673 primum
1509 1610 1655 1657 locum
1678 1612 1815 1658 habet

437 1680 655 1736 Christus,
684 1690 797 1725 recte
814 1681 1004 1743 positum
1027 1692 1087 1726 est
1104 1681 1453 1728 fundamentum.
1480 1685 1594 1742 Ergo
1612 1683 1688 1746 qui
1711 1683 1814 1729 aedi-

436 1752 556 1807 sicat,
581 1767 754 1796 securus
778 1750 967 1796 aedificet
985 1789 996 1807 ,
1024 1752 1056 1797 si
1080 1769 1161 1816 pro
1181 1751 1389 1811 dignitate
1407 1751 1680 1798 fundamenti
1703 1753 1815 1799 aedi—

437 1822 541 1866 ficat
567 1838 719 1866 aurum
739 1858 750 1877 ,
778 1833 1003 1881 argentum
1020 1859 1030 1873 ,
1054 1821 1220 1885 lapides
1244 1822 1466 1885 pretiosos.
1494 1823 1539 1867 Si
1564 1834 1706 1869 autem
1727 1841 1812 1869 non

438 1908 519 1954 pro
539 1891 750 1951 dignitate
768 1891 1040 1937 fundamenti
1059 1891 1249 1937 aedificat
1269 1929 1279 1948 ,
1309 1892 1493 1952 lignum,
1516 1892 1685 1939 foenum
1699 1931 1710 1951 ,
1735 1893 1814 1939 sti-

436 1961 587 2025 pulam
607 1981 617 2014 3
644 1960 794 2007 saltem
818 1972 960 2007 teneat
977 1961 1309 2007 fundamentum
1332 1999 1343 2018 ,
1371 1973 1411 2007 et
1428 1973 1609 2026 propter
1627 1963 1699 2009 illa
1716 1981 1815 2026 quae

436 2031 618 2077 extruxit
648 2031 766 2077 arida
792 2042 834 2077 et
862 2031 1055 2091 fragilia,
1091 2031 1146 2076 ad
1172 2032 1314 2091 ignem
1340 2048 1381 2076 se
1406 2042 1638 2095 praeparet.
1677 2032 1761 2078 Sed
1782 2033 1816 2078 si

436 2101 771 2149 fundamentum
809 2113 888 2158 est,
930 2102 976 2147 id
1014 2113 1105 2158 est,
1141 2102 1174 2147 si
1206 2103 1399 2165 primum
1430 2102 1574 2148 locum
1611 2103 1658 2148 in
1688 2103 1817 2149 corde

439 2172 639 2218 Christus
673 2172 892 2227 obtinuit,
922 2172 1145 2218 saecularia
1180 2189 1280 2218 vero
1319 2172 1380 2217 sic
1404 2183 1633 2229 amantur,
1661 2183 1711 2218 ut
1730 2190 1818 2219 non

437 2243 615 2288 Christo
638 2253 955 2305 praeponantur
970 2279 981 2299 ,
1015 2242 1088 2287 sed
1111 2242 1170 2287 eis
1197 2242 1408 2287 Dominus
1434 2241 1635 2288 Christus
1654 2280 1664 2298 ,
1693 2253 1742 2288 ut
1764 2243 1818 2289 sit

436 2312 480 2358 in
510 2311 698 2358 aedifieio
719 2312 860 2357 cordis
882 2323 1029 2357 tenens
1048 2311 1158 2356 fund
1163 2322 1410 2367 untntum
1438 2311 1485 2357 id
1508 2320 1595 2368 est,
1624 2313 1817 2376 primum

434 2382 581 2429 locum
611 2399 621 2426 :
647 2404 666 2422 «
687 2381 1031 2437 Detrimentum,
1074 2382 1238 2445 inquit,
1283 2382 1502 2445 patietul,
1541 2382 1633 2446 ipse
1674 2393 1817 2428 autem

439 2475 460 2495 ›>
484 2452 625 2498 salvus
644 2451 740 2507 erit,
769 2451 829 2497 sic
850 2462 992 2496 tamen
1017 2452 1139 2529 quasi
1165 2468 1244 2515 per
1268 2451 1470 2511 ignem.»
1500 2452 1598 2496 Non
1623 2462 1684 2497 est
1700 2468 1817 2498 nunc

438 2533 610 2585 tempus
639 2521 806 2567 hortari
829 2537 920 2576 VOS,
954 2532 1001 2566 ut
1028 2521 1173 2586 potius
1192 2538 1363 2576 aulum,
1387 2530 1629 2580 argentum,
1652 2521 1817 2585 lapides

438 2593 647 2657 pretiosos
677 2591 926 2648 aedificetis,
964 2609 1095 2657 quam
1127 2591 1290 2654 lignum
1308 2629 1318 2647 ,
1354 2590 1552 2649 foenum,
1580 2558 1812 2656 stipulam,

488 2681 498 2703 ¹
520 2693 531 2711 1
550 2682 626 2713 Cor.
642 2692 696 2721 111,
720 2692 835 2714 10-12.
