1941 3314
0 1318 8 1519 :Q--ss—
0 1173 7 1311 ..ὼ-...-
0 1148 6 1168 ω
0 1080 6 1141 -..-.
0 652 6 1075 --——-———⁴

377 327 520 358 suano
555 317 750 368 ccxcvn,
791 328 838 359 IN
874 320 1034 358 NArAm
1070 327 1219 361 Arosr.
1430 317 1484 362 15

115 388 272 456 pendit
301 393 451 449 timor,
486 392 569 438 nisi
595 392 835 438 humanam
874 391 1240 455 trepidationem?
1268 393 1374 456 quid
1402 412 1487 441 res-

116 463 272 527 pondit
307 480 450 517 amor,
484 462 565 508 nisi
609 461 803 508 divinam
827 461 1166 526 professionem?
1194 463 1348 510 Amare
1372 466 1487 512 enim

117 535 275 587 Deum,
311 534 474 579 donum
499 533 579 579 Dei
601 543 664 578 est
708 533 897 589 Quando
921 532 975 578 de
997 549 1142 578 amore
1162 534 1375 581 Dominus
1398 537 1485 582 Pe-

116 613 232 649 trum
253 603 563 663 interrogabat‚
589 602 710 666 quod
733 603 910 648 dederat
927 602 1134 661 exigebat.

182 674 240 720 11.
275 673 395 730 Quid
423 684 565 719 tamen
597 673 809 718 Dominus
844 677 968 718 Petro
1000 673 1340 739 praenuntiavit,
1373 675 1489 722 uude

116 752 178 787 est
194 741 325 788 festus
338 743 413 788 hic
425 742 542 788 dies?
561 763 582 784 «
604 742 719 788 Cum
740 759 846 788 esses
863 741 1030 802 junior,
1056 743 1216 805 inquit,
1243 745 1489 807 praecinge—

117 833 140 853 »
160 811 239 858 bas
256 823 313 868 te,
333 822 376 858 et
397 812 492 858 ibas
513 823 601 875 quo
617 811 746 858 velles
770 830 781 858 :
809 829 910 857 cum
934 822 1076 857 autem
1102 815 1304 871 senueris,
1326 815 1434 860 alter
1449 826 1490 860 te

117 902 139 923 >2
163 881 305 941 cinget
321 919 331 938 ‚
358 893 400 927 et
430 882 537 928 feret
568 899 654 945 quo
680 893 728 928 tu
752 896 840 928 non
863 883 928 927 vis
945 881 978 928 ⁴.
1006 903 1026 923 >2
1055 883 1136 928 L'bi
1172 894 1234 929 est
1250 922 1260 936 ,
1284 885 1491 930 «Tecum

118 973 139 993 >³
164 969 235 997 ero
258 968 392 1015 usque
412 953 467 998 ad
490 956 700 998 mortem?
715 974 735 993 υ
753 952 842 998 Ubi
871 963 933 997 est
948 989 957 1007 ‚
985 973 1005 992 «
1028 953 1230 999 Animam
1250 971 1387 1000 meam
1410 971 1491 1018 pro

117 1043 139 1063 >2
163 1033 203 1067 te
220 1040 380 1085 ponam
390 1026 409 1068 Ξ)
436 1024 547 1068 Ecce
572 1022 827 1068 formidabis
842 1059 852 1077 ,
875 1032 974 1067 ecce
996 1023 1189 1082 negabis,
1211 1041 1311 1069 ecce
1335 1025 1488 1088 plora-

117 1091 186 1136 bis
200 1102 356 1154 3etpro
367 1091 572 1154 quomori
588 1092 786 1147 timuisti,
804 1102 1011 1151 resurget,
1032 1103 1075 1136 et
1093 1094 1348 1141 firmaberis.
1373 1094 1493 1151 Quid

117 1162 231 1206 enim
255 1162 437 1217 mirum,
475 1162 578 1224 quia
610 1162 757 1207 timuit
791 1167 961 1217 Petrus,
996 1173 1227 1225 antequam
1255 1175 1493 1225 resurgeret

121 1231 346 1276 Christus?
380 1233 493 1276 Ecce
505 1235 598 1290 jam
620 1232 845 1277 resurrexit
868 1231 1086 1287 Christus,
1102 1236 1195 1290 jam
1208 1245 1390 1296 apparet
1412 1251 1491 1281 ve-

118 1301 222 1346 ritas
244 1301 400 1346 animae
419 1311 462 1345 et
474 1301 635 1355 carnis,
656 1304 747 1360 jam
771 1300 891 1363 quod
903 1310 966 1346 est
988 1301 1034 1346 in
1044 1302 1273 1364 promisso,
1295 1304 1492 1349 firmatur

118 1371 325 1435 exemplo.
361 1370 541 1416 Videtur
556 1372 769 1416 Dominus
781 1371 903 1416 vivus
915 1381 1014 1433 post
1039 1387 1231 1428 crucem,
1252 1384 1351 1436 post
1376 1391 1492 1420 mor-

119 1451 224 1497 tem,
244 1451 343 1505 post
357 1441 619 1505 sepulcrum.
650 1442 812 1487 Parum
830 1451 891 1486 est
913 1441 1032 1504 quod
1053 1442 1225 1488 videtur
1250 1460 1260 1488 z
1282 1445 1490 1504 tangitur,

119 1521 428 1567 contrectatur‚
447 1512 675 1575 probatur.
704 1511 822 1556 Fecit
836 1528 937 1556 cum
958 1510 1181 1574 discipulis
1207 1514 1493 1575 quadraginta

121 1580 227 1637 dies,
261 1581 426 1627 intrans
449 1591 491 1626 et
515 1581 671 1637 exiens,
700 1580 968 1626 manducans
989 1590 1031 1625 et
1054 1580 1238 1637 bibens,
1266 1600 1353 1628 non
1376 1600 1496 1643 cges-

122 1661 225 1707 tate,
251 1651 323 1696 sed
341 1662 576 1715 potestate;
599 1668 686 1696 non
715 1651 982 1703 necessitate,
1003 1650 1075 1695 sed
1097 1652 1308 1698 charitate
1331 1670 1342 1697 ε
1366 1671 1494 1699 man-

122 1720 288 1766 ducans
306 1731 347 1765 et
365 1721 538 1777 bibens,
566 1739 652 1766 non
675 1720 900 1766 esuriendo
915 1757 925 1775 ‚
949 1737 1027 1765 nec
1052 1720 1236 1767 sitiendo
1254 1759 1265 1777 ,
1301 1722 1373 1768 sed
1411 1723 1495 1768 do—

123 1789 260 1835 cendo
284 1801 325 1835 et
352 1790 647 1836 monstrando.
674 1790 890 1835 Probatus
912 1806 1036 1834 verus
1059 1800 1100 1834 et
1125 1807 1274 1846 verax,
1301 1791 1494 1838 ascendit

122 1858 168 1904 in
185 1859 344 1905 coelum
360 1897 371 1915 ‚
396 1860 529 1905 mittit
550 1860 763 1922 Spiritum
796 1869 1013 1913 sanctum,
1038 1858 1190 1922 implet
1217 1861 1437 1907 credentes
1454 1872 1496 1907 et

124 1939 307 1983 orantes,
334 1929 467 1974 mittit
494 1930 796 1992 praedicautes.
828 1930 881 1973 lit
909 1940 1054 1974 tamen
1081 1941 1179 1992 post
1203 1930 1300 1976 haec
1319 1931 1462 1977 omnia
1482 1969 1493 1987 ‚

127 1997 304 2043 Petrum
325 1998 432 2044 alius
445 1999 693 2061 ljrra÷‹ringit‚
715 2010 757 2044 et
781 1998 863 2044 fert
882 2015 969 2062 quo
1007 1999 1099 2061 ipse
1118 2016 1205 2044 non
1230 1999 1338 2046 vult.
1364 2000 1496 2056 Quod

124 2067 296 2113 volebas
310 2068 486 2130 quando
513 2068 724 2113 Dominus
745 2067 1029 2130 praedicebat,
1056 2078 1161 2114 tunc
1178 2067 1305 2115 velles
1322 2069 1497 2132 quando

126 2138 244 2200 sequi
267 2137 471 2183 debebas.

190 2207 272 2253 Ill.
306 2206 422 2252 Alter
447 2217 486 2252 te
508 2206 668 2266 cingit,
699 2217 741 2251 et
759 2206 838 2251 sert
867 2223 953 2269 quo
979 2217 1027 2251 tu
1053 2223 1139 2251 nou
1177 2206 1255 2253 vis.
1287 2207 1500 2254 Consola-

126 2286 196 2321 tur
216 2276 426 2322 Dominus
446 2276 499 2321 dc
519 2276 623 2330 hoc,
642 2277 949 2335 transfigurans
969 2277 1065 2321 inse
1083 2276 1381 2322 infirmitatem
1395 2295 1499 2323 nos-

128 2355 256 2401 tram,
281 2355 323 2391 et
342 2345 490 2392 dicens
513 2363 523 2390 :
550 2367 570 2387 «
592 2346 743 2391 Tristis
765 2356 827 2391 est
852 2346 995 2391 anima
1024 2363 1117 2391 mea
1142 2363 1276 2409 usque
1300 2348 1354 2394 ad
1379 2365 1499 2393 mor-

128 2438 149 2456 »
175 2426 259 2460 tem
279 2415 312 2462 ¹.
339 2437 360 2458 »
388 2416 495 2462 Inde
523 2417 731 2478 Martyres
755 2417 922 2475 magni,
948 2417 1048 2479 quia
1072 2416 1347 2464 dulcedinem
1373 2419 1502 2478 hujus

128 2486 280 2532 mundi
306 2486 583 2532 calcaverunt
611 2504 620 2531 ε
647 2487 748 2532 iude
778 2488 987 2550 Martyres
1013 2487 1157 2547 magui
1177 2523 1190 2544 ‚
1215 2488 1318 2551 quia
1347 2506 1503 2535 amara:

176 2592 384 2633 ¹Jonn.xx1,
410 2590 518 2624 18.—
545 2590 560 2613 2
588 2592 665 2622 (jod.
694 2594 778 2623 (lass.
799 2604 858 2632 vn,
880 2591 933 2623 fol.
956 2592 1033 2623 315.
1058 2591 1192 2624 volebat
1210 2592 1310 2626 mori:
1337 2592 1416 2626 aner
1431 2602 1503 2625 eum

127 2644 242 2686 cinxit,
262 2650 293 2675 et
310 2644 438 2676 abstulit
454 2655 518 2686 quo
539 2643 605 2686 ipse
623 2645 730 2675 nont-¹.
748 2661 792 2667 —
807 2643 821 2665 ²¹
840 2644 955 2675 maun.
975 2654 1061 2681 xxvi,
1077 2646 1129 2675 38.
