1863 3246
241 285 387 317 sEniio
423 286 654 327 ccctxxlv,
694 287 747 317 DE
785 286 1027 317 EpipqulA
1063 289 1243 323 nomm.
1350 281 1442 326 513

69 351 213 411 dices,
249 354 293 398 in
328 352 487 416 quibus
524 352 623 397 haec
656 351 851 412 legantur
889 363 1094 416 tanquam
1130 356 1357 418 praedicta.
1400 361 1439 406 O

69 424 204 485 gloria
222 425 332 485 regis
363 423 528 470 nostri?
561 423 718 470 Merito
741 424 768 468 J
772 423 886 469 udaei
910 442 934 469 a
959 424 1166 471 Romanis
1182 427 1286 474 victi
1311 442 1411 477 sunt
1426 470 1438 488 ,

67 512 147 541 nec
169 494 312 542 deleti.
343 495 506 540 Omnes
530 505 672 554 gentes
697 513 720 540 a
738 494 946 539 Romanis
971 495 1165 542 subactae
1183 535 1194 554 ,
1218 499 1261 544 in
1281 503 1441 547 Roma-

67 583 223 611 norum
235 569 335 626 jura
361 564 620 610 transierunt
641 565 740 610 haec
768 582 868 624 gens
891 575 933 610 et
961 565 1076 611 victa
1105 579 1190 625 est,
1227 581 1268 616 et
1285 572 1330 616 in
1354 572 1444 632 lege

68 652 144 681 sua
176 636 362 691 mansit,
397 646 611 698 quantum
653 634 708 680 ad
744 635 821 680 Dei
861 634 1031 681 cultum
1063 638 1243 696 attinet,
1282 643 1444 705 patrias

68 705 401 753 consuetudines
423 706 642 769 ritumque
666 705 915 752 custodivit.
944 707 1102 754 Everso
1125 710 1252 756 etiam
1280 713 1444 776 templo

68 793 172 834 suo,
211 777 404 823 extincto
440 776 678 822 sacerdotio
719 775 932 839 pristino,
973 776 1084 822 sicut
1121 779 1287 826 dictum
1324 793 1384 828 est
1423 801 1448 829 a

67 847 326 912 Prophetis;
378 857 548 894 servant
596 857 743 892 tamen
786 846 1162 894 circumcisionem
1204 862 1244 896 et
1283 870 1447 898 morem

67 916 325 981 quemdam,
354 934 442 981 quo
462 935 486 964 a
510 917 677 963 caeteris
703 916 906 977 gentibus
930 915 1271 978 distinguuntur.
1301 923 1448 986 Prop-

66 998 132 1034 ter
151 987 258 1051 quid
277 1026 288 1045 ,
311 988 393 1034 nisi
415 999 594 1053 propter
618 987 913 1033 testimonium
933 988 1157 1036 veritatis?
1184 991 1329 1055 Sparsi
1348 1005 1449 1039 sunt

68 1058 233 1122 ubique
257 1057 403 1104 Judaei
419 1096 430 1115 ,
454 1069 676 1122 portantes
700 1057 872 1104 codices
899 1058 1060 1121 quibus
1096 1060 1296 1108 Christus
1327 1082 1448 1128 prze-

67 1128 262 1186 dicatur,
286 1139 329 1174 et
353 1128 464 1174 sicut
486 1128 724 1193 praedictus
751 1138 815 1173 est
844 1140 1156 1191 praesentatur,
1184 1142 1233 1177 ut
1246 1137 1336 1193 jam
1362 1153 1446 1198 pa-

67 1199 186 1259 ganis
212 1200 348 1263 possit
367 1199 548 1246 ostendi.
578 1199 756 1244 Profero
781 1198 976 1244 codicem
994 1236 1005 1255 ,
1029 1199 1123 1261 lego
1144 1201 1411 1266 Prophetam
1432 1222 1444 1250 :

67 1269 246 1316 ostendo
266 1269 493 1333 impletam
517 1287 603 1316 esse
620 1269 916 1333 prophetiam.
945 1270 1131 1318 Dubitat
1154 1291 1369 1336 paganus,
1396 1294 1448 1320 ne

65 1340 175 1386 forte
198 1341 286 1386 hoc
311 1341 403 1404 ipse
433 1341 728 1386 confinxerim.
766 1340 975 1384 Inimicus
1007 1359 1126 1388 meus
1159 1344 1293 1390 habet
1326 1346 1447 1391 hunc

66 1411 290 1468 codicem,
329 1410 570 1474 antiquitus
606 1409 690 1454 sibi
731 1426 754 1453 a
791 1409 1031 1467 majoribus
1069 1414 1439 1462 commendatum.

68 1482 232 1528 Ambos
251 1482 352 1527 inde
374 1482 587 1527 convinco
617 1499 628 1525 z
657 1479 888 1533 Judaeum,
927 1481 1028 1542 quia
1061 1482 1105 1527 id
1129 1484 1445 1547 prophetatum

0 1574 1 1581 ¹
67 1564 108 1599 et
130 1552 396 1617 completum
414 1570 491 1613 ego
516 1551 724 1613 cognovi3
751 1566 969 1614 paganum
987 1589 997 1607 ,
1026 1553 1127 1615 quia
1150 1571 1236 1600 non
1258 1573 1335 1616 ego
1359 1557 1444 1604 hoc

67 1624 267 1672 confinxi.

132 1695 215 1742 111.
259 1696 356 1740 Non
382 1710 481 1753 ergo
512 1692 722 1739 seducant
750 1693 966 1739 daemonia
996 1694 1138 1757 specie
1166 1695 1444 1743 divinationis

67 1764 287 1822 incautos,
310 1775 353 1810 et
375 1781 517 1810 rerum
540 1763 844 1827 temporalium
873 1764 982 1809 male
1012 1764 1230 1819 curiosos3
1267 1785 1341 1811 nec
1368 1785 1444 1813 su-

65 1835 203 1899 perbo
220 1834 333 1881 fastu
353 1834 616 1897 decipientes
632 1833 789 1897 impios
803 1872 812 1889 ,
839 1834 921 1881 sibi
945 1835 1256 1881 sacrificiorum
1275 1837 1445 1897 exigant

66 1905 291 1951 honorem.
329 1905 436 1951 Vere
454 1903 601 1950 divina
617 1904 1065 1967 p1·aedixeruntdivini
1091 1905 1171 1949 viri
1199 1906 1325 1951 unius
1353 1907 1446 1951 dis—

66 1976 218 2040 cipuli.
249 1976 409 2021 Verum
434 1975 694 2020 sacrificium
713 2013 723 2031 ‚
749 1975 942 2020 univero
966 1976 1054 2019 Deo
1073 1975 1270 2022 debetur.
1302 1978 1444 2037 liujus

69 2048 219 2106 figurae
236 2057 333 2092 ante
353 2046 552 2106 gratiam,
573 2045 762 2090 victimis
781 2044 1055 2090 adumbratae
1073 2057 1184 2092 sunt.
1210 2047 1338 2102 Quod
1361 2065 1446 2093 uno

67 2117 198 2163 modo
228 2117 425 2163 futurum
460 2116 625 2165 fuerat,
660 2115 806 2160 multis
837 2113 975 2160 modis
999 2115 1270 2178 providentia
1298 2117 1445 2163 diviua

68 2188 404 2251 praenuntiavit,
434 2198 626 2250 utquam
649 2203 854 2245 magnum
886 2196 1019 2241 essct,
1056 2186 1309 2233 ostenderet.
1351 2189 1446 2250 ipse

68 2259 263 2304 medicus
278 2295 290 2315 ‚
311 2259 402 2321 ipse
420 2257 787 2303 medicamentum
809 2275 819 2302 ι
845 2256 1036 2302 medicus
1056 2294 1066 2312 ,
1089 2257 1191 2320 quia
1218 2257 1407 2304 Verbum
1432 2277 1441 2302 :

68 2328 435 2374 medicamentum
455 2365 466 2384 ,
493 2328 596 2391 quia
620 2328 813 2374 Verbum
839 2346 938 2372 cai-0
960 2328 1122 2373 tactum
1144 2338 1218 2374 ost.
1254 2330 1349 2390 lpse
1373 2346 1444 2373 sa—

70 2400 220 2446 cordos
238 2439 249 2458 ,
271 2401 359 2464 ipse
385 2399 660 2445 sacrificium.
691 2400 784 2462 {pse
807 2410 868 2443 est
891 2399 967 2462 qni
995 2399 1171 2443 mutavit
1201 2399 1308 2443 viam
1347 2400 1443 2442 Ma-

70 2488 255 2531 gorum:
287 2472 376 2536 ipse
404 2471 531 2516 eliani
563 2487 678 2515 nunc
718 2481 854 2515 mutat
883 2470 1014 2517 vitain
1046 2469 1269 2514 maloi-nin.
1306 2470 1444 2527 Cujus

70 2543 112 2588 in
148 2561 276 2589 carne
308 2542 724 2594 manifestationem,
763 2559 863 2604 quw
885 2543 1037 2586 (Era-ve
1062 2540 1222 2585 dicitur
1247 2558 1256 2584 :
1292 2566 1308 2577 -ι
1336 2540 1446 2602 lipi-

200 2651 374 2683 exxviu.
1227 2635 1286 2675 :323
