1942 3272
440 323 534 370 308
861 338 896 368 S.
940 331 1183 366 mensum
1218 331 1421 364 Errscom

441 427 463 448 »
487 405 602 450 bunt
617 402 650 450 4.
679 424 698 444 >³
723 401 837 449 Audi
851 401 957 466 quid
973 400 1151 446 audiant
1170 400 1245 463 qui
1263 418 1284 445 a
1305 398 1484 445 sinistris
1501 407 1626 444 erunt
1647 415 1658 443 ε
1684 419 1702 439 «
1730 397 1813 453 Ite,

441 498 462 518 »
485 475 645 539 inquit,
669 474 711 519 in
736 473 875 533 ignem
897 482 1105 519 aeternum
1123 508 1134 526 ,
1167 470 1242 533 qui
1269 480 1541 533 przeparatus
1561 479 1622 514 est
1642 467 1816 514 diaholo

444 569 465 589 »
488 557 531 591 et
563 544 721 605 angelis
756 547 859 604 ejus.
893 565 912 584 »
938 543 1219 604 Quapropter
1244 557 1504 603 preesumere
1534 539 1630 601 quis
1662 537 1818 583 audeat

445 617 498 663 de
520 616 696 662 nomine
727 614 990 669 christiano,
1022 622 1064 657 et
1101 628 1189 657 non
1221 627 1321 655 curn
1348 610 1466 655 omni
1499 608 1744 655 obedientia
1776 619 1818 653 et

442 689 595 735 timore
620 685 769 731 audiat
796 683 1049 748 Apostolum
1075 682 1291 727 dicentem
1315 699 1325 726 z
1353 703 1372 721 <‹
1394 682 1489 726 Hoc
1513 681 1626 726 enim
1647 680 1815 735 scitote,

441 782 462 802 »
487 767 789 818 cognoscentes
803 755 1009 818 quoniam
1027 753 1166 799 omnis
1185 752 1438 809 fornicator,
1463 749 1815 805 autimmundus,

441 852 463 873 υ
490 840 565 877 aut
591 845 760 883 avarUS,
779 826 896 891 quod
916 836 977 871 est
995 825 1212 870 idolorum
1242 823 1439 880 servitus,
1468 840 1555 868 non
1570 821 1707 867 habet
1727 820 1819 865 hae-

443 924 464 943 »
487 900 713 947 reditatem
736 898 780 943 in
815 913 944 958 ,regno
970 895 1134 940 Christi
1166 905 1207 939 et
1238 894 1344 939 Dei‘?
1377 894 1514 938 Nemo
1538 909 1613 939 vos
1643 890 1821 937 seducat

439 994 461 1014 »
484 971 688 1018 inanibus
706 969 849 1016 Verbis
876 985 886 1012 ε
914 977 1094 1030 propter
1116 965 1213 1010 haee
1233 966 1346 1010 enim
1371 965 1489 1010 venit
1505 964 1568 1008 ira
1593 963 1672 1007 Dei
1692 962 1735 1007 in
1760 961 1816 1006 fi-

443 1064 464 1084 »
487 1043 565 1088 lios
581 1038 849 1085 diffidemiae.
890 1036 1190 1098 Noliteitaque
1204 1035 1310 1080 effici
1327 1034 1561 1099 participes
1577 1032 1768 1078 eorumq.
1794 1052 1814 1072 »

440 1113 591 1160 Latius
610 1120 752 1157 autem
776 1108 831 1154 ad
851 1107 1105 1153 (slorinthios
1132 1107 1229 1151 lia—‘c
1255 1106 1362 1152 dicit
1389 1123 1400 1151 ε
1428 1127 1448 1147 c<
1474 1104 1615 1151 Nolit‘e
1644 1119 1782 1148 errare
1802 1140 1812 1154 ,

443 1206 463 1225 »
486 1198 624 1246 neque
641 1180 938 1234 fornicatores,
968 1194 1106 1241 neque
1124 1176 1251 1223 idolis
1269 1177 1511 1232 servientes,
1539 1191 1679 1238 neque
1696 1172 1818 1218 adul-

441 1277 461 1297 »
486 1254 592 1309 teri,
616 1268 756 1315 neque
788 1249 935 1295 molles
955 1287 966 1306 ,
993 1266 1132 1312 neque
1168 1247 1459 1294 masculorum
1480 1245 1783 1293 concubitores
1804 1282 1815 1300 ,

442 1349 461 1368 »
485 1340 625 1387 neque
648 1322 780 1377 fures,
809 1337 949 1383 neque
981 1319 1121 1375 avari,
1157 1336 1295 1381 neque
1318 1318 1493 1373 ebriosi,
1519 1333 1658 1380 neque
1682 1313 1820 1361 male-

440 1420 462 1439 »
488 1395 594 1451 dici,
615 1409 754 1456 neque
773 1408 951 1455 rapaces
972 1428 983 1447 ,
1009 1407 1189 1450 regnum
1222 1390 1298 1435 Dei
1331 1388 1617 1452 possidebunt
1636 1387 1669 1435 3.
1693 1408 1714 1428 »
1736 1385 1820 1432 Sed

438 1467 580 1515 videte
604 1460 975 1528 quemadmodum
1002 1461 1196 1507 timorem
1230 1471 1272 1505 et
1302 1460 1645 1523 desperationem
1673 1457 1821 1503 salutis

442 1536 666 1584 abstulerit
687 1533 763 1589 eis,
785 1533 861 1596 qui
882 1533 981 1578 haec
1001 1532 1047 1577 in
1066 1533 1156 1578 vita
1187 1532 1320 1578 veteri
1350 1530 1673 1576 commiserunt.
1713 1550 1733 1571 «
1765 1529 1821 1573 Et

442 1632 463 1652 »
486 1609 586 1654 haec
606 1605 802 1670 quidem,
825 1603 987 1666 inquit,
1004 1602 1143 1648 fuistis
1158 1640 1168 1659 ,
1193 1601 1267 1648 sed
1290 1601 1430 1647 abluti
1457 1601 1577 1652 estis,
1606 1600 1678 1646 sed
1703 1616 1824 1646 sanc-

444 1702 464 1722 »
490 1677 641 1724 tificati
667 1675 764 1721 estis
791 1674 838 1719 in
866 1674 1041 1719 nomine
1068 1673 1244 1718 Domini
1275 1672 1410 1719 nostri
1434 1673 1533 1717 Jesu
1567 1670 1756 1727 Christi,
1783 1680 1826 1714 et

448 1774 469 1793 »
493 1751 539 1796 in
563 1747 719 1812 spiritu
750 1745 825 1790 Dei
851 1744 984 1790 nostri
1004 1744 1037 1791 Δ.
1072 1766 1091 1786 »

513 1821 590 1866 lx.
620 1816 828 1879 Quisquis
851 1832 951 1875 ergo
980 1825 1077 1878 post
1104 1815 1372 1878 baptismum
1404 1814 1647 1877 aliquorum
1673 1812 1828 1876 pristi-

448 1908 605 1939 norum
628 1887 841 1934 malorum
874 1903 1002 1950 opere
1030 1886 1245 1946 obligatus
1269 1896 1456 1941 tenetur,
1485 1901 1619 1947 usque
1638 1883 1828 1929 adeo-ne

450 1963 535 2010 sihi
557 1959 759 2006 inimicus
794 1968 856 2002 est
873 1994 883 2012 ,
913 1968 961 2002 ut
990 1956 1138 2002 adhuc
1169 1956 1341 2001 dubitet
1357 1956 1490 2001 vitam
1513 1965 1679 2000 mutare
1695 1991 1705 2010 ,
1727 1970 1829 1999 cum

450 2046 623 2097 tempus
641 2040 720 2085 est,
746 2045 847 2074 cum
873 2028 931 2073 ita
954 2037 1108 2090 peccat
1145 2037 1186 2071 et
1214 2026 1355 2073 vivit?
1393 2028 1503 2072 Nam
1525 2026 1674 2088 utique
1710 2022 1829 2088 quod

451 2108 511 2151 ita
530 2110 853 2167 perseveranter
882 2109 1054 2161 peccat,
1085 2097 1345 2143 thesaurizat
1373 2097 1455 2142 sihi
1478 2098 1583 2142 iram
1603 2097 1647 2142 in
1664 2096 1732 2142 die
1756 2095 1831 2140 irae

454 2187 497 2220 et
519 2170 788 2219 revelationis
806 2169 910 2230 justi
925 2168 1080 2228 judieii
1100 2168 1191 2214 Dei.
1221 2167 1352 2223 Quod
1370 2177 1513 2212 autem
1537 2167 1684 2212 adhuc
1702 2166 1827 2221 vivit,

453 2243 664 2310 patientia
690 2242 769 2286 Dei
794 2240 848 2286 ad
874 2240 1178 2303 poenitentiam
1215 2255 1314 2284 eum
1353 2238 1548 2285 adducit.
1581 2238 1833 2301 implicatus

456 2317 590 2377 igitur
616 2325 701 2358 tam
732 2311 1052 2357 mortiferorum
1075 2309 1261 2356 vinculis
1290 2320 1567 2373 peccatorum
1595 2308 1830 2363 detrectat,

459 2396 534 2432 aut
552 2384 711 2437 differt,
745 2392 819 2426 aut
847 2380 1021 2425 dubitat
1043 2380 1273 2439 confugere
1297 2378 1351 2424 ad
1377 2379 1491 2441 ipsas
1512 2378 1653 2424 claves
1678 2376 1834 2422 Eccle-

458 2459 557 2513 siae,
587 2454 750 2518 quibus
773 2451 963 2497 solvatur
984 2451 1028 2496 in
1048 2462 1159 2496 terra
1180 2488 1191 2506 ,
1215 2461 1263 2495 ut
1297 2449 1350 2495 sit
1378 2449 1541 2495 solutus
1564 2449 1608 2494 in
1629 2447 1768 2502 eoe103
1794 2458 1836 2493 et

460 2526 590 2575 audet
611 2525 693 2570 sibi
717 2533 815 2587 post
837 2521 954 2567 hanc
972 2521 1124 2575 vitam,
1150 2520 1252 2584 quia
1272 2530 1439 2565 tantum
1464 2519 1737 2565 Christianus
1763 2518 1837 2563 di-

446 2599 573 2651 ,citur
592 2634 603 2653 ,
630 2594 810 2641 salutem
834 2591 1025 2656 aliquam
1050 2591 1273 2656 polliceri3
1305 2608 1385 2637 nec
1420 2590 1611 2638 veridico
1642 2589 1716 2635 illo
1740 2590 1837 2635 Do-

507 2684 640 2716 laniat.
659 2694 692 2723 v,
713 2693 834 2716 21.-=-
851 2679 995 2724 ²Ephes.
1018 2693 1050 2721 v,
1072 2678 1231 2721 5·7.—'·³
1262 2691 1273 2710 1
1295 2681 1369 2715 Cor.
1389 2691 1432 2717 vx,
1449 2691 1481 2721 9,
1509 2689 1620 2714 10.-—
1639 2676 1755 2713 ⁴1bid.
1779 2689 1834 2712 1¹.
