1863 3246
317 317 461 348 sunno
497 317 680 360 coexrv,
720 315 774 348 nr:
811 315 1072 348 conruunt<
1108 316 1273 350 imum.
1376 303 1486 350 '263

107 394 149 429 et
175 393 315 430 tamen
346 381 589 446 eupiditate
615 382 773 428 ardetis
802 400 812 427 ε
837 399 945 446 quos
972 382 1149 445 quando
1176 398 1390 446 pauperes
1414 383 1486 429 in-

105 464 303 509 tuentur,
348 463 624 498 murmurant
645 488 656 509 ,
708 463 912 511 gemunt,
954 451 1137 498 laudant
1180 462 1223 497 et
1257 452 1484 508 invident3

104 525 268 587 aequari
285 533 458 587 optant,
481 534 523 568 et
540 524 726 586 impares
750 540 791 569 se
813 523 986 576 dolent;
1015 522 1177 568 etinter
1205 521 1355 569 laudes
1378 523 1488 570 divi-

104 604 200 639 tum
228 593 315 639 hoc
338 593 600 656 plerumque
620 593 774 639 dieunt
800 611 810 638 :
839 592 929 638 Soli
949 592 1020 637 isti
1048 603 1173 648 sunt,
1202 592 1287 656 ipsi
1313 593 1393 639 soli
1416 594 1486 639 vi-

103 675 225 711 vunt.
256 664 341 709 Pro
368 663 437 709 his
462 664 607 710 verbis
624 701 634 720 ‚
665 665 825 727 quibus
861 661 1059 708 homiues
1097 673 1247 708 tenues
1276 662 1488 709 divitibus

103 731 355 789 adulantur,
379 750 481 779 cum
503 733 658 779 dieunt
682 751 692 778 ε
722 734 797 778 Isti
811 733 888 778 soli
904 732 1086 786 vivunt3
1106 749 1159 777 ne
1172 733 1219 777 in
1234 732 1486 796 superbiam

103 802 351 863 erigamini,
374 819 399 848 o
424 820 500 848 vos
520 803 705 850 divites:
734 803 806 848 sed
838 802 983 865 potius
1017 802 1276 865 Apostolum
1312 802 1482 860 audite,

103 874 247 919 morbi
289 884 560 930 curatorem,
598 884 639 919 et
680 890 769 919 non
800 871 924 920 verbi
953 871 1234 918 adulatorem.
1266 871 1366 918 Vita
1403 872 1484 918 ista

102 959 279 989 somnus
303 954 444 990 vester
468 953 530 990 est
561 961 571 988 ε
603 943 768 990 divitiae
801 944 894 988 istae
920 941 1106 989 velutin
1133 941 1292 988 somnis
1320 942 1478 989 ssuunt.

102 1013 266 1059 Paulus
293 1013 400 1059 dicit
424 1031 435 1059 ε
463 1035 485 1055 (ι
509 1014 567 1059 Ut
599 1013 935 1077 apprehendant
964 1013 1099 1059 vitam
1124 1029 1286 1059 veram.
1317 1033 1339 1055 ›>
1359 1013 1484 1058 Pau-

101 1083 191 1129 lum
211 1083 357 1129 audite
373 1121 384 1140 ‚
412 1095 454 1129 et
474 1085 699 1147 superbire
727 1084 873 1130 nolite.
909 1082 1024 1129 Audi
1042 1094 1084 1128 et
1113 1082 1358 1140 Psalmum,
1392 1093 1483 1129 otu

102 1154 220 1200 dives
240 1155 518 1217 pauperrime
533 1191 544 1210 ,
568 1155 675 1217 quid
702 1155 839 1201 hahes
856 1192 866 1211 ‚
892 1154 925 1199 si
949 1155 1090 1199 Deum
1114 1170 1204 1199 non
1230 1153 1394 1199 habes?
1412 1153 1484 1199 vel

101 1224 207 1287 quid
227 1240 315 1268 non
341 1223 493 1280 hahes,
512 1225 546 1268 si
563 1226 700 1270 Deum
713 1225 875 1270 habes)
901 1225 966 1269 De
985 1223 1202 1269 divitibus
1221 1223 1330 1269 dicit
1353 1223 1479 1270 Psal-

101 1310 195 1339 mus
218 1311 228 1338 :
258 1315 280 1335 (ι
296 1293 577 1339 Dormierunt
610 1311 809 1340 somnum
835 1311 959 1340 suum
976 1330 988 1350 ‚
1020 1304 1063 1338 et
1088 1293 1200 1339 nihil
1224 1294 1483 1339 invenerunt

102 1387 123 1408 »
144 1382 290 1411 onmes
312 1364 394 1410 viri
419 1364 671 1411 divitiarum
705 1366 751 1412 in
779 1365 982 1411 manibus
1015 1363 1144 1411 suis1.
1177 1385 1199 1407 ›>
1231 1363 1480 1427 Aliquando

101 1447 142 1480 et
162 1434 386 1480 mendicus
404 1435 448 1480 in
474 1445 585 1481 terra
604 1438 752 1495 jacens
772 1446 814 1480 et
831 1436 987 1495 frigore
1010 1444 1216 1490 tremens,
1239 1444 1479 1497 occupatus

101 1523 123 1550 a
148 1522 296 1550 somno
318 1505 542 1551 thesauros
560 1506 762 1561 somniat,
787 1505 963 1564 gaudet,
993 1503 1170 1559 exultat,
1197 1504 1413 1567 superbit,
1436 1514 1479 1549 et

36 1627 51 1637 ·
99 1585 267 1639 patrem
290 1592 417 1620 suum
438 1592 679 1637 pannosum
706 1574 849 1621 videre
870 1574 1136 1634 indignatur.
1165 1574 1216 1618 In
1236 1573 1396 1619 somnis
1418 1583 1481 1619 est

100 1645 214 1708 quod
236 1645 374 1700 vides,
401 1662 425 1690 o
445 1656 491 1690 tu
511 1645 726 1697 mendice,
753 1646 830 1708 qui
863 1644 1024 1690 dormis
1047 1654 1088 1688 et
1112 1643 1285 1703 gaudes.
1312 1644 1478 1688 Tamen

100 1716 453 1775 donecevigilot,
482 1716 601 1762 dives
621 1726 684 1761 est
710 1734 721 1761 ε
748 1732 847 1761 cum
880 1715 1133 1770 dormierit,
1164 1714 1328 1760 invenit
1358 1713 1478 1776 quod

100 1797 264 1830 eertum
303 1785 459 1832 doleat.
489 1786 616 1831 Dives
639 1802 738 1845 ergo
772 1786 958 1830 moriens
978 1822 989 1840 ‚
1018 1784 1168 1829 similis
1189 1794 1252 1829 est
1274 1783 1335 1828 illi
1365 1799 1481 1846 pau-

99 1856 189 1919 peri
230 1856 461 1901 dormienti
489 1867 532 1900 et
555 1856 778 1902 thesauros
802 1855 1049 1902 somnianti.
1082 1856 1192 1899 Nam
1225 1854 1296 1900 ille
1329 1853 1475 1909 dives,

99 1926 171 1988 qui
198 1925 462 1970 induebatur
485 1943 681 1989 purpura
707 1938 749 1971 et
771 1927 822 1989 h>
835 1943 899 1971 sso
923 1926 961 1982 ²,
992 1941 1072 1970 nee
1097 1925 1343 1970 nominatus
1360 1960 1371 1979 ‚
1398 1941 1479 1970 nec

99 1994 405 2049 nominandus,
431 2007 709 2059 contemptor
732 1996 936 2060 pauperis
964 2006 1060 2041 ante
1080 1997 1259 2054 januam
1274 1995 1473 2054 jacentis,

98 2064 360 2129 epulabatur
397 2065 590 2128 quotidie
621 2067 870 2131 splendide3
910 2075 1058 2129 postea
1093 2074 1289 2110 mortuus
1321 2075 1408 2116 est,
1432 2075 1476 2111 et

96 2134 291 2197 sepultus
322 2151 333 2180 ε
361 2136 602 2195 evigilavit,
635 2148 677 2182 et
704 2154 745 2182 se
767 2137 812 2181 in
842 2136 1017 2182 flamma
1041 2134 1219 2181 invenit.
1256 2134 1474 2180 Dormivit

99 2219 301 2249 somnum
321 2221 464 2260 suum,
492 2217 535 2251 et
556 2217 655 2270 post
677 2223 877 2252 somnum
908 2205 1020 2251 nihil
1044 2205 1230 2255 invenit,
1249 2204 1350 2267 quia
1371 2203 1480 2250 nihil

100 2284 303 2337 operatus
320 2284 384 2319 est
406 2273 460 2320 de
482 2276 685 2321 manibus
707 2278 810 2330 suis,
834 2277 878 2320 id
904 2288 982 2330 est,
1009 2275 1063 2321 de
1083 2275 1247 2321 divitiis
1273 2275 1374 2320 suis,

164 2345 221 2393 11.
247 2346 574 2409 Proptervitam
594 2358 855 2411 quaeruntur
874 2347 1058 2400 divitiae,
1075 2363 1162 2392 non
1182 2347 1272 2393 vita
1293 2357 1470 2409 propter

100 2416 302 2463 divitias:
330 2433 461 2480 quam
486 2417 613 2464 multi
642 2435 741 2463 cum
781 2419 868 2464 suis
901 2417 1103 2463 hostibus
1127 2417 1244 2480 pacti
1277 2428 1405 2467 sunt,
1434 2427 1480 2461 ut

98 2486 231 2532 vitam
253 2486 389 2533 solam
423 2487 708 2535 redimerent?
738 2489 1154 2550 thntumeumque
1192 2487 1441 2532 hahuerunt
1461 2522 1472 2537 ,

104 2566 239 2602 totum
263 2556 493 2615 dederunt,
514 2569 682 2605 tantum
707 2576 758 2604 ne
777 2560 910 2606 vitam
928 2559 1184 2605 amitterent.
1212 2556 1370 2602 'sotum
1396 2555 1475 2601 de·-

149 2645 157 2668 ¹
178 2645 256 2679 Psul.
275 2657 372 2689 nxxv,
394 2649 481 2680 6.-
500 2645 516 2670 2
531 2651 608 2681 Luc.
632 2659 698 2689 xvi,
724 2658 776 2690 ις).
