1999 3282
484 270 545 317 50
907 285 943 314 s.
986 279 1227 312 AUGUSTINI
1268 281 1470 310 EPISCOPI

475 351 647 398 laesione
672 349 927 396 laudabant.
958 349 1045 394 Ubi
1069 347 1203 392 homo
1239 345 1448 392 saeviebat
1465 382 1478 403 ,
1499 344 1676 392 flamma
1700 363 1859 410 parce-

477 422 570 469 bat.
599 420 816 477 Vidimus,
843 420 1042 466 novimus
1069 415 1444 481 quemadmodum
1467 415 1580 462 salus
1599 433 1748 462 eorum
1763 421 1860 477 jus-

478 502 621 537 torum
643 510 666 537 a
692 491 880 536 Domino
906 490 1007 545 fuit,
1035 498 1084 534 ut
1110 487 1156 533 in
1181 487 1326 547 ignem
1349 486 1648 545 mitterentur,
1672 498 1714 533 et
1736 487 1861 533 illum

479 580 679 627 asperum
722 579 891 622 regem,
929 577 1058 623 quem
1088 556 1308 621 loquendo
1342 556 1646 615 irritaverant,
1674 556 1861 604 vivendo

479 642 793 680 converterent.
828 630 1027 678 Credidit
1051 628 1217 692 quippe
1241 627 1286 672 in
1310 644 1460 672 eorum
1491 628 1632 674 Deum
1649 665 1661 685 ,
1687 639 1731 674 et
1752 645 1862 692 pro-

474 705 622 768 posuit
640 702 832 748 edictum
849 740 859 759 ,
887 712 935 746 ut
959 701 1226 765 quicumque
1261 697 1589 762 blasphemaret
1611 699 1752 744 Deum
1789 698 1863 743 Si-

483 773 621 819 drach
635 811 646 830 ,
670 771 844 818 Misach
865 783 907 817 et
928 770 1169 830 Ahdenago
1187 768 1204 798 1
1222 806 1233 825 ,
1262 769 1309 814 111
1336 769 1560 815 interitum
1583 770 1664 815 iret
1678 806 1690 827 ‚
1716 778 1759 815 et
1779 767 1863 814 do-

476 862 573 890 mus
592 847 683 904 ejus
713 843 759 889 in
792 843 1096 907 direptionem.
1121 844 1265 897 Quam
1300 839 1518 886 dissimilis
1546 841 1684 901 J'ussio
1707 840 1864 905 primae

471 915 672 975 jussioni!
698 913 850 970 Qualis
875 914 1017 977 prima
1025 912 1189 972 jussio?
1217 912 1371 957 Pereat
1389 912 1465 975 qui
1480 922 1667 957 statuam
1686 928 1859 957 auream

477 1003 564 1031 non
585 984 840 1031 adoraverit.
868 983 1020 1040 Qualis
1042 981 1258 1029 secunda?
1285 983 1439 1028 Pereat
1456 983 1534 1047 qui
1553 984 1693 1030 Deum
1707 999 1860 1029 verum

475 1056 859 1120 blasphemaverit.
892 1054 1057 1100 Fideles
1090 1054 1289 1100 homines
1320 1071 1410 1100 non
1434 1053 1621 1112 mutati,
1640 1052 1861 1100 infidelem

476 1129 701 1174 hominem
724 1137 1017 1173 mutaverunt.
1049 1126 1179 1172 lllum
1196 1126 1241 1172 111
1258 1126 1443 1191 persidia
1457 1137 1568 1172 stare
1591 1144 1681 1172 non
1698 1125 1861 1191 permi-

476 1209 653 1254 serunt,
682 1198 784 1262 quia
821 1198 906 1262 ipsi
945 1198 991 1244 in
1032 1197 1118 1244 fide
1138 1207 1360 1245 steterunt.
1399 1196 1523 1243 Salus
1554 1215 1655 1258 ergo
1686 1197 1863 1243 illorum

477 1270 700 1317 manifeste
719 1287 742 1315 a
765 1268 955 1315 Domino
985 1269 1083 1316 suit.
1121 1267 1315 1327 Quando
1359 1268 1423 1315 illi
1448 1287 1537 1315 non
1576 1269 1792 1315 ardebant
1825 1277 1868 1313 et

481 1338 746 1398 laudabant,
772 1340 920 1387 aderat
939 1341 1165 1388 Dominus
1188 1340 1378 1398 Quando
1395 1341 1466 1387 isti
1491 1341 1726 1399 ardebant,
1756 1357 1867 1386 eon—

480 1414 744 1471 sitcbantur,
780 1423 922 1459 tamen
948 1413 1273 1471 moriebantur,
1302 1413 1381 1459 ubi
1408 1424 1498 1459 erat
1525 1412 1770 1459 Dominus?
1799 1412 1868 1457 An

490 1486 598 1532 form
618 1484 679 1530 illi
692 1484 798 1545 justi
818 1496 957 1543 erant,
984 1485 1054 1530 isti
1071 1487 1347 1549 peccatores?
1369 1484 1630 1531 Audivimus
1640 1484 1755 1531 enim
1768 1483 1870 1529 istos

487 1556 620 1619 paulo
644 1566 760 1613 ante,
790 1573 892 1602 cum
916 1557 1059 1621 passio
1090 1573 1237 1602 eorum
1274 1555 1512 1616 legeretur,
1539 1556 1738 1602 confiteri
1762 1572 1864 1619 pec-

494 1637 590 1673 cata
605 1644 698 1685 sua,
725 1638 767 1673 et
785 1626 945 1684 dicere,
967 1627 1175 1691 quoniam
1195 1627 1338 1673 onmia
1358 1626 1432 1673 illa
1450 1628 1658 1673 irascente
1682 1626 1872 1672 Domino

491 1698 592 1755 sibi,
613 1699 685 1743 sed
699 1709 741 1744 et
755 1708 936 1763 paterno
956 1699 1108 1744 merito
1126 1699 1422 1763 paterentur2.
1450 1698 1569 1755 Quid
1593 1698 1683 1744 illi?
1705 1696 1870 1759 Legite,

493 1780 534 1815 et
562 1769 769 1815 videbitis
794 1770 922 1815 etiam
948 1769 1063 1833 ipsos
1084 1780 1265 1834 peccata
1289 1769 1468 1833 propria
1488 1769 1685 1815 confiteri
1705 1806 1716 1825 ‚
1739 1778 1782 1814 et
1803 1767 1875 1813 di-

493 1857 586 1885 cere
621 1856 663 1885 se
697 1839 848 1884 merito
879 1840 1050 1903 perpeti
1070 1839 1103 1887 3.
1137 1862 1157 1882 »
1192 1839 1430 1903 AEqualiter
1453 1839 1585 1900 justi,
1617 1839 1877 1885 confessores

494 1909 721 1974 tequalitcr
745 1920 1057 1974 peccatorum3
1099 1921 1141 1955 et
1173 1910 1270 1956 ideo
1303 1911 1437 1970 justi‚
1478 1911 1581 1973 quia
1619 1909 1878 1956 confessores
1944 1904 1946 1906 i

498 1980 722 2044 aequaliter
745 1991 1045 2044 peccatorum.
1080 1980 1184 2026 Ideo
1203 1980 1604 2046 irreprehensibiles
1622 2017 1633 2037 ‚
1666 1981 1768 2042 quia
1791 1997 1880 2025 non

504 2050 740 2098 mendaces.
772 2073 793 2092 <c
818 2050 862 2096 Si
891 2052 1004 2096 enini
1031 2051 1264 2097 dixerimus
1282 2090 1292 2103 ,
1321 2053 1380 2094 ait
1399 2052 1587 2096 Joannes
1604 2087 1615 2107 ,
1645 2049 1747 2113 quia
1772 2067 1880 2114 pec-

503 2144 519 2167 s>
545 2131 690 2167 catum
719 2137 807 2165 non
830 2120 1072 2173 liabemus3
1111 2137 1187 2165 nos
1213 2121 1329 2183 ipsos
1360 2120 1605 2183 decipimus
1624 2158 1635 2176 ‚
1663 2131 1704 2165 et
1726 2120 1882 2165 veritas

506 2216 523 2236 ›)
548 2193 593 2237 in
615 2191 743 2236 nobis
760 2208 847 2235 non
873 2202 948 2237 est.
978 2191 1022 2235 Si
1043 2201 1186 2236 autem
1214 2201 1392 2254 peccata
1413 2201 1557 2237 nostra
1579 2190 1758 2237 confessi
1782 2190 1882 2236 fue-

508 2286 525 2305 »
547 2263 704 2317 riuum,
737 2260 874 2306 fidelis
897 2272 960 2306 est
979 2271 1019 2306 et
1036 2264 1195 2319 justus,
1224 2262 1295 2324 qui
1315 2261 1510 2308 dimittat
1533 2261 1660 2307 nobis
1681 2271 1880 2326 peccata,

507 2356 525 2376 »
550 2343 592 2377 et
608 2330 815 2378 emundet
839 2348 915 2376 nos
941 2332 996 2377 al)
1016 2331 1133 2376 omni
1171 2332 1401 2395 iniquitate
1417 2331 1450 2379 [¹.
1480 2354 1500 2374 »
1526 2332 1594 2378 Ad
1620 2335 1759 2392 justos
1785 2348 1884 2391 ergo

506 2403 691 2471 pertinet
713 2401 921 2448 confessio
939 2413 1220 2465 peccatorum
1249 2421 1259 2447 ε
1283 2403 1338 2449 ad
1364 2404 1576 2468 superbos
1599 2403 1787 2467 pertinet
1805 2402 1885 2448 de-

503 2475 636 2522 fensio
661 2473 925 2520 meritorum.
955 2474 1123 2519 Pariter
1145 2491 1244 2533 ergo
1263 2475 1369 2534 justi
1394 2486 1573 2538 peccata
1603 2475 1856 2520 confitentes
1871 2511 1883 2531 ‚

546 2580 631 2608 Dan.
652 2587 704 2617 111,
726 2577 780 2616 96.
798 2572 867 2599 -2
888 2586 904 2605 2
923 2574 1029 2607 Maeli.
1050 2586 1108 2614 vu,
1127 2577 1164 2606 18
1186 2581 1217 2606 et
1232 2577 1286 2608 32,
1310 2593 1356 2598 -
1374 2571 1388 2595 3
1405 2577 1488 2607 Dan.
1508 2587 1563 2615 111,
1585 2575 1699 2608 28.—-
1715 2571 1728 2595 ⁴
1752 2586 1764 2605 1
1787 2557 1888 2609 Joani

502 2645 526 2678 1,
547 2634 581 2672 8,
601 2641 633 2671 9-
