1942 3272
448 279 541 325 310
869 301 904 332 s.
948 299 1188 331 AUGUSTINI
1223 300 1426 331 EPISCOPI

514 361 569 407 X.
603 361 741 408 Nemo
776 365 1037 422 arbitretur,
1064 365 1232 422 fratres,
1262 377 1491 431 propterea
1524 383 1566 413 se
1598 366 1825 416 consilium

447 430 679 479 salutiferae
718 433 850 496 hujus
888 436 1161 501 poenitentiae
1198 436 1353 483 debere
1389 447 1687 496 contemnere,
1723 441 1826 504 quia

448 502 607 549 multos
629 503 739 551 forte
772 507 957 554 advertit
978 519 1020 554 et
1049 506 1172 554 novit
1202 507 1256 553 ad
1289 519 1555 555 sacramenta
1585 509 1728 556 altaris
1749 529 1826 557 30-

448 572 597 620 cedere
616 612 626 631 ,
665 593 852 639 quorum
889 578 990 624 talia
1015 577 1196 625 crimina
1225 597 1312 624 non
1346 580 1528 639 ignorat.
1559 580 1688 626 Multi
1710 581 1826 626 enim

447 645 750 704 corriguntur,
793 659 841 693 ut
878 649 1031 694 Petrus
1064 667 1074 694 ε
1099 647 1226 694 multi
1270 649 1535 707 tolerantur,
1565 661 1613 695 ut
1654 650 1821 696 Judas:

445 715 573 760 inulti
594 718 874 776 nesciuntur,
902 720 1039 766 donec
1062 720 1206 765 veniat
1227 720 1437 766 Dominus
1458 758 1468 776 ‚
1506 721 1581 784 qui
1608 720 1823 766 illuminet

448 786 703 834 abscondita
717 790 991 836 tenebrarum
1001 829 1012 847 ‚
1031 802 1072 836 et
1087 790 1329 836 manifestet
1343 791 1621 851 cogitationes
1635 792 1776 837 cordis
1787 791 1820 839 1.

449 857 559 903 Nam
584 858 780 924 plerique
812 873 1040 927 propterea
1070 862 1224 908 nolunt
1259 862 1361 908 alios
1393 880 1619 917 accusare,
1654 863 1759 909 (lum
1787 878 1828 908 se

447 944 527 992 per
552 928 647 975 illos
673 933 859 995 cupiunt
887 949 1098 980 excusare.
1132 932 1329 995 Plerique
1364 943 1507 977 autem
1540 933 1645 978 boni
1669 932 1827 979 Chris—

448 999 555 1044 tiani
576 1012 805 1065 propterea
824 1014 992 1059 tacent,
1017 1014 1060 1048 ct
1082 1004 1291 1049 suffl‘runt
1321 1002 1501 1048 aliorum
1527 1013 1706 1066 peccata
1731 1020 1829 1066 quae

448 1083 688 1129 noverunt,
717 1075 816 1137 quia
843 1071 1115 1120 documentis
1148 1092 1262 1138 stupe
1288 1074 1567 1130 deseruntur,
1595 1084 1637 1119 et
1659 1092 1704 1120 ea
1731 1091 1829 1138 quae

445 1141 529 1204 ipsi
551 1142 709 1199 sciunt,
727 1144 955 1204 judicibus
977 1144 1288 1190 Ecclesiasticis
1302 1144 1489 1207 probare
1515 1161 1602 1189 non
1621 1156 1821 1208 possunt.

449 1212 658 1268 Quamvis
678 1214 791 1260 enim
821 1232 921 1261 vera
944 1216 1023 1261 sint
1056 1216 1256 1279 quaeslam
1279 1235 1289 1268 3
1317 1233 1403 1260 non
1426 1226 1571 1260 tamen
1595 1214 1736 1274 jttdici
1761 1214 1830 1260 fa-

448 1282 529 1328 vile
564 1284 780 1331 credenda
810 1297 937 1343 sunt,
966 1287 1046 1332 nisi
1087 1287 1212 1332 certis
1242 1285 1415 1331 indiciis
1450 1285 1817 1332 demonstrentur.

445 1354 539 1398 *Nos
562 1371 660 1400 vero
687 1374 708 1401 3
729 1357 1032 1402 00111111111110110
1061 1357 1295 1420 prohibere
1316 1373 1580 1419 quemquam
1610 1373 1699 1401 non
1724 1373 1830 1419 pos-

448 1441 600 1471 sumus
619 1462 629 1481 ‚
657 1426 886 1490 (quamvis
910 1426 1009 1473 haec
1033 1426 1276 1491 prohibitio
1301 1426 1495 1472 nondum
1530 1427 1583 1472 sit
1613 1426 1827 1482 mortalis,

452 1496 524 1542 sed
551 1496 874 1561 medicinalis‚)
906 1500 987 1545 nisi
1013 1510 1086 1545 aut
1105 1510 1258 1563 sponte
1286 1498 1558 1555 confessum,
1587 1498 1727 1544 autin
1750 1497 1832 1544 ali—

452 1584 539 1631 quo
564 1566 649 1612 sive
678 1569 899 1627 saeculari,
928 1570 1014 1615 sive
1053 1569 1341 1615 ecclesiastico
1362 1568 1532 1628 judicio
1560 1569 1833 1614 nominatum

453 1649 582 1701 atque
607 1638 871 1687 convictum.
903 1641 1012 1697 Quis
1034 1641 1145 1686 enim
1175 1640 1256 1686 sibi
1279 1650 1512 1703 utrumque
1534 1639 1689 1685 audeat
1709 1657 1830 1685 35511-

452 1726 585 1764 mere,
616 1720 663 1755 ut
685 1711 889 1775 cuiquam
913 1712 1003 1776 ipse
1029 1713 1082 1757 sit
1105 1723 1147 1759 et
1183 1723 1406 1758 accusator
1425 1722 1467 1757 et
1487 1711 1649 1771 judex?
1678 1713 1834 1770 Cujus-

454 1780 575 1826 modi
610 1781 801 1841 regulam
825 1783 954 1829 etiam
984 1783 1144 1829 Paulus
1169 1782 1386 1846 apostolus
1413 1783 1456 1828 in
1481 1781 1630 1827 eadem
1666 1781 1721 1827 acl
1742 1781 1833 1827 Co*

454 1851 639 1897 rinthios
673 1852 868 1916 Epistola
901 1854 1090 1900 breviter
1129 1855 1362 1899 insinuasse
1402 1852 1686 1913 intelligitur,
1732 1869 1834 1898 011111

454 1923 717 1986 quibusdam
744 1924 902 1971 talibus
928 1926 1276 1971 connnemoratis
1294 1925 1571 1980 criminibus,
1609 1923 1834 1970 ecclesias—
1881 1952 1884 1956 -

453 1993 530 2038 tici
545 1993 703 2053 judicii
721 1994 904 2041 formam
927 1996 981 2042 acl
1001 1997 1144 2042 omnia
1166 1996 1320 2041 similia
1341 2013 1386 2041 ex
1408 1994 1673 2059 quibusdam
1693 1993 1826 2040 daret.

458 2064 530 2111 Ait
543 2064 657 2109 enim
685 2082 695 2110 :
723 2087 742 2107 ε(
765 2066 930 2131 Scripsi
953 2068 1056 2114 vobi
1075 2068 1119 2113 in
1146 2067 1327 2131 epistola
1350 2084 1437 2112 non
1458 2064 1726 2112 commisceri
1742 2064 1835 2111 for-

456 2155 477 2176 »
502 2134 700 2181 nicariis:
722 2154 808 2182 non
824 2139 973 2201 utique
986 2138 1225 2184 fornicariis
1242 2138 1375 2198 hujus
1390 2137 1560 2193 mundi,
1585 2147 1659 2182 aut
1677 2135 1832 2190 avaris,

455 2225 477 2245 »
502 2215 576 2250 aut
594 2207 846 2269 raptoribus
868 2245 878 2264 ‚
910 2219 985 2254 aut
1020 2208 1146 2254 idolis
1184 2208 1468 2254 servientibus
1498 2225 1508 2252 :
1542 2206 1734 2270 alioquin
1755 2204 1835 2252 de-

455 2296 477 2316 »
501 2275 691 2321 bueratis
721 2277 773 2322 de
812 2278 898 2324 hoc
928 2279 1093 2324 mundo
1128 2279 1236 2324 exire
1252 2280 1284 2326 ⁶2.
1316 2300 1335 2319 ›>
1361 2278 1459 2323 Non
1502 2277 1616 2323 enim
1654 2287 1836 2340 possunt

444 2345 651 2392 ‘homines
673 2348 717 2393 in
735 2348 821 2394 hoc
839 2349 1004 2396 mundo
1023 2349 1233 2406 viventes,
1254 2349 1334 2395 nisi
1354 2366 1455 2394 cum
1481 2348 1641 2394 talibus
1654 2346 1797 2393 Vivere
1819 2364 1830 2392 ε

453 2434 534 2463 nec
556 2435 626 2463 005
640 2431 821 2482 possunt
839 2420 1092 2466 lucrifacere
1114 2420 1308 2476 Christo„
1336 2419 1369 2465 si
1395 2436 1543 2465 eorum
1567 2417 1835 2481 colloquium

453 2489 792 2555 convictumque
823 2491 1068 2538 vitaverint.
1097 2491 1222 2537 Unde
1243 2502 1284 2538 et
1310 2490 1522 2536 Dominus
1551 2505 1651 2535 cum
1679 2487 1834 2552 publi-

453 2561 571 2607 canis
589 2572 632 2608 et
648 2563 952 2627 peccatoribus
972 2561 1200 2609 comedens
1229 2579 1239 2609 :
1272 2582 1292 2604 t<
1318 2562 1417 2609 Non
1438 2571 1500 2608 est
1522 2576 1648 2631 opus,
1671 2558 1830 2629 inquit,

502 2650 513 2677 ⁸
535 2652 645 2686 Florus
663 2651 703 2686 ad
725 2656 742 2686 ι’
759 2656 832 2686 Cor.
850 2660 880 2686 v.
893 2670 939 2678 --
956 2650 972 2674 ²
990 2663 1003 2687 1
1026 2654 1102 2688 Cor·
1120 2663 1152 2697 v,
1172 2662 1204 2698 95
1231 2663 1281 2684 1⁰·
