1942 3272
458 318 554 381 374
865 335 900 366 S.
943 333 1184 368 Aucusrmr
1222 337 1422 369 EPISCOPI

458 398 706 456 communi,
739 416 822 463 pro
851 400 1015 445 unitate
1049 418 1180 465 quam
1206 402 1420 449 Dominus
1438 403 1593 463 jussit,
1621 403 1834 451 Dominus

458 468 625 529 diligit,
669 469 875 530 adjuvent
904 488 1052 534 preces
1084 472 1336 519 Sanctitatis
1370 474 1557 531 Vestrae,
1592 484 1642 519 ut
1676 475 1729 521 de
1763 475 1836 521 illa

456 539 695 585 identidem
713 550 754 585 et
773 540 827 586 ad
852 558 926 587 vos
944 541 1200 604 loquamur,
1237 554 1278 589 et
1302 544 1530 589 vobiscum
1556 544 1830 604 gaudeamus.

458 610 631 654 Etenim
651 609 704 655 de
725 627 833 674 pace
862 621 902 656 et
927 611 1138 658 charitate
1172 613 1321 677 loqui,
1363 613 1399 659 si
1422 630 1590 680 semper
1616 632 1834 671 amamus,

457 697 626 743 semper
650 680 872 728 debemus.
902 682 1041 728 Multo
1062 685 1197 744 magis
1215 701 1314 743 ergo
1332 684 1412 729 isto
1431 695 1643 748 tempore,
1663 685 1839 748 quando

456 767 539 814 pax
560 751 620 795 sic
641 762 836 809 amatur,
865 763 912 798 ut
936 754 982 798 in
1007 754 1202 817 periculo
1233 759 1322 815 ejus
1347 755 1545 801 amandae
1572 765 1614 800 et
1645 755 1840 801 tenendae

459 821 684 867 constituti
700 822 764 868 illi
778 860 790 880 ,
821 823 982 886 quibus
1001 825 1164 871 malum
1182 843 1264 890 pro
1288 825 1402 871 malo
1426 843 1514 871 non
1535 825 1775 883 reddimus,
1798 837 1840 872 et

458 908 561 937 cum
584 893 747 955 quibus
764 931 774 949 ,
800 894 911 940 sicut
930 896 1141 959 scriptum
1167 908 1227 942 est
1243 934 1254 952 ,
1278 896 1378 942 odio
1402 896 1669 942 habentibus
1687 914 1841 961 pacem

459 978 605 1008 sumus
631 963 834 1026 pacifici,
873 976 915 1010 et
949 966 1050 1029 quia
1082 984 1238 1030 pacem
1267 966 1490 1030 loquimur
1514 968 1598 1022 eis,
1626 966 1842 1012 debellare

459 1049 536 1077 nos
561 1032 714 1079 volunt
737 1034 911 1094 gratis1.
944 1035 1013 1081 llli
1034 1054 1132 1096 ergo
1161 1037 1236 1100 qui
1263 1036 1365 1082 tales
1389 1047 1489 1082 sunt
1505 1074 1516 1093 ‚
1539 1036 1842 1100 periclitantur

460 1103 573 1149 inter
606 1122 796 1150 amorem
827 1106 971 1168 pacis,
1019 1118 1061 1152 et
1093 1107 1390 1153 confusionem
1425 1107 1606 1171 pudoris
1641 1124 1652 1152 ε
1694 1124 1774 1152 nec
1796 1107 1843 1152 id

461 1183 618 1232 agunt,
647 1192 746 1220 cum
770 1175 886 1221 vinci
906 1176 1087 1233 nolunt,
1112 1188 1161 1223 ut
1182 1177 1334 1224 invicti
1358 1177 1456 1224 sint.
1485 1177 1573 1234 Qui
1591 1177 1705 1222 enim
1722 1176 1842 1222 vinci

465 1262 487 1289 a
511 1244 689 1290 veritate
712 1245 869 1291 nolunt
887 1284 897 1303 ‚
925 1248 980 1293 ab
1005 1265 1145 1293 errore
1164 1249 1417 1294 vincuntur.
1446 1249 1485 1292 O
1508 1248 1541 1292 si
1560 1264 1630 1292 eos
1653 1246 1844 1292 charitas

463 1315 610 1377 potius
633 1333 763 1379 quam
792 1317 1041 1363 animositas
1061 1318 1303 1381 superaret!
1336 1317 1444 1362 lnde
1470 1317 1655 1362 victores
1672 1317 1840 1371 fierent,

465 1385 581 1430 unde
601 1385 707 1432 victi
731 1398 882 1434 essent.
914 1389 1001 1433 Nos
1037 1399 1179 1434 autem
1204 1387 1443 1433 Ecclesiam
1475 1386 1761 1443 catholicam,
1790 1385 1845 1432 ad

466 1458 589 1514 cujus
606 1473 758 1519 pacem
777 1467 818 1502 et
836 1457 1115 1503 concordiam
1139 1468 1180 1503 et
1196 1456 1592 1503 reconciliationem
1612 1455 1846 1502 invitamus

466 1526 666 1572 inimicos
683 1531 773 1587 ejus
787 1565 797 1584 ‚
820 1545 908 1574 non
931 1529 1136 1574 humanis
1157 1528 1440 1593 opinionibus
1456 1565 1466 1583 ,
1490 1527 1563 1573 sed
1581 1526 1737 1572 divinis
1758 1536 1846 1571 tes-

466 1596 658 1642 timoniis
676 1635 687 1654 ,
715 1616 910 1644 amamus
927 1636 937 1655 ‚
965 1609 1158 1645 tenemus
1173 1637 1184 1655 ‚
1208 1610 1251 1645 et
1275 1598 1563 1644 defendimus.
1596 1596 1717 1653 Quid
1746 1613 1847 1642 cum

465 1666 541 1713 illo
561 1685 683 1728 agam
700 1706 710 1721 ,
733 1669 808 1732 qui
827 1684 906 1732 pro
933 1680 1057 1733 parte
1075 1670 1235 1715 clamat
1250 1707 1260 1726 ‚
1288 1680 1330 1715 ct
1350 1679 1500 1715 contra
1518 1678 1659 1714 totum
1680 1667 1845 1727 litigat?

470 1738 625 1783 Nonne
649 1738 815 1784 bonum
842 1740 904 1785 illi
927 1751 989 1785 est
1017 1741 1134 1786 vinci
1153 1778 1163 1795 ‚
1191 1739 1267 1803 qui
1291 1740 1325 1785 si
1354 1740 1494 1786 victus
1524 1738 1680 1795 fuerit,
1706 1748 1849 1783 totum

472 1809 665 1862 tenebit3
695 1810 729 1854 si
747 1811 926 1867 vicerit,
951 1811 996 1856 in
1020 1823 1144 1874 parte
1175 1810 1446 1856 remanebit?
1474 1811 1568 1854 Imo
1605 1809 1638 1854 si
1679 1808 1849 1854 vincere

472 1877 558 1928 sibi
577 1879 813 1927 videbitur.
842 1882 953 1927 Nam
972 1898 1059 1926 non
1080 1882 1216 1929 vincit
1233 1881 1315 1927 nisi
1333 1881 1518 1927 veritas:
1543 1878 1724 1926 victoria
1741 1877 1850 1925 veri-

472 1947 572 1993 tatis
596 1959 658 1993 est
675 1949 879 1997 charitas.

538 2020 597 2066 II.
641 2019 762 2076 Quid
796 2038 895 2081 ergo
921 2022 1072 2078 vobis,
1107 2021 1284 2079 fratres,
1319 2020 1558 2067 Ecclesiam
1589 2019 1850 2065 catholicam

471 2100 562 2135 toto
580 2089 685 2135 orbe
706 2101 917 2137 terrarum
934 2093 1273 2139 fructificantem
1298 2103 1427 2155 atque
1448 2100 1711 2137 crescentem
1735 2106 1851 2135 com-

473 2160 675 2206 mendem
698 2161 845 2207 multis
868 2163 1013 2210 verbis
1029 2201 1040 2221 ‚
1073 2174 1115 2208 et
1132 2164 1249 2210 meis,
1278 2163 1503 2209 Habemus
1522 2161 1656 2207 verba
1675 2159 1852 2205 Domini

474 2248 556 2294 pro
581 2230 656 2276 illa
671 2268 682 2287 ‚
709 2243 749 2276 et
767 2250 848 2295 pro
868 2234 1009 2281 nobis.
1041 2255 1060 2274 «
1082 2234 1318 2289 Dominus,
1342 2233 1486 2293 inquit
1503 2266 1513 2285 ,
1544 2231 1652 2274 dixit
1669 2228 1723 2274 ad
1744 2246 1812 2274 me
1837 2246 1848 2273 ε

474 2321 495 2341 »
518 2299 649 2345 Filius
670 2317 789 2347 meus
807 2320 849 2347 cs
872 2313 919 2348 tu
933 2340 944 2360 ‚
969 2321 1046 2363 ego
1069 2303 1202 2348 hodie
1225 2301 1353 2360 genui
1375 2310 1429 2345 te.
1458 2297 1635 2344 Postula
1656 2316 1679 2344 a
1699 2316 1789 2355 me,
1810 2309 1853 2344 et

473 2369 629 2415 »dabo
668 2371 750 2416 tibi
783 2383 926 2429 gentes
960 2371 1258 2416 haercditatem
1292 2382 1412 2415 tuam
1432 2407 1442 2425 ‚
1482 2380 1523 2414 et
1548 2369 1854 2433 possessionem

474 2461 496 2482 »
512 2451 633 2485 tuam
655 2440 760 2485 fines
777 2441 943 2487 terrae‘2.
969 2462 989 2482 »
1009 2442 1154 2497 Quare
1172 2458 1295 2501 ergo,
1318 2441 1469 2486 fratres
1484 2477 1496 2497 ‚
1517 2440 1570 2485 de
1593 2439 1853 2504 possessione

467 2510 687 2570 litigamus
705 2547 716 2566 ‚
744 2520 786 2555 et
812 2528 899 2555 non
924 2511 1068 2574 potius
1092 2522 1261 2558 sanctas
1286 2510 1459 2557 tabulas
1480 2509 1736 2556 recitamus?
1762 2509 1850 2555 Vc-

465 2587 574 2633 nisse
597 2602 674 2632 nos
698 2586 928 2650 opinemur
955 2587 1009 2632 ad
1023 2588 1235 2647 judicem.
1266 2588 1330 2634 De
1347 2587 1611 2653 possessione
1626 2585 1854 2634 contentio

517 2675 529 2699 ¹
544 2676 626 2709 Psal.
647 2686 735 2722 cxxx,
758 2688 836 2716 7.-
853 2674 869 2698 2
885 2675 932 2709 Id.
952 2687 990 2717 11,
1010 2688 1041 2716 7,
1063 2679 1095 2710 8.
