1942 3272
462 286 548 317 100
875 285 909 314 S.
954 284 1192 314 At'Gt's'HNi
1230 284 1432 314 EPISCOPI

455 350 670 406 homines,
698 366 885 412 quorum
900 352 1018 408 jussa
1043 349 1216 394 sibimet
1239 349 1437 409 injuncta
1454 349 1674 408 jactabat,
1697 365 1829 411 quam

455 420 694 467 secundum
728 419 973 483 principem
997 419 1220 483 potestatis
1244 420 1354 465 aeris
1370 457 1380 475 ,
1407 419 1459 464 de
1479 437 1566 483 quo
1597 418 1829 482 Apostolus

456 490 566 536 dicit
588 508 600 535 ς
627 512 647 531 1(
669 490 757 545 Qui
780 500 984 553 operatur
1007 489 1053 533 in
1078 489 1177 534 filiis
1205 489 1460 534 diffidentia-2
1477 488 1495 518 1
1517 507 1528 534 :
1551 511 1571 531 »
1602 506 1732 552 quem
1751 505 1830 552 per

455 561 589 621 hujus
614 577 787 625 quoque
811 560 1002 620 linguam
1026 560 1195 623 operari
1214 560 1461 623 Cyprianus
1480 570 1661 607 noverat
1676 597 1686 617 ‚
1711 559 1830 623 quod

451 632 543 695 ipse
570 649 658 677 11011
684 642 876 678 noverat.
905 632 1090 677 Noverat
1110 668 1120 685 ‚
1146 631 1325 694 inquam
1341 669 1351 681 ,
1380 631 1650 694 Cyprianm,
1680 648 1781 677 cum
1805 648 1828 676 a

451 701 710 767 proconsule
736 701 904 748 audiret
925 720 935 747 t
962 701 1188 748 «Consule
1223 701 1299 746 ribi
1321 739 1331 757 ,
1356 723 1375 742 »
1396 701 1514 764 quod
1541 719 1641 748 caro
1667 712 1709 748 et
1728 720 1830 747 san-

453 773 546 833 guis
577 772 740 818 diceret
762 772 914 818 stolide
932 810 943 828 ,
981 772 1067 818 1100
1087 771 1314 817 diabolum
1338 771 1481 817 dicere
1505 772 1687 817 subdole
1715 789 1726 817 ι
1760 782 1829 817 at-

452 861 536 907 que
567 844 820 889 intuebatur
849 845 895 889 in
919 861 1005 890 uno
1028 862 1155 908 opere
1185 843 1293 888 duos
1314 863 1324 897 3
1350 843 1482 888 istum
1512 843 1647 889 oculis
1666 881 1677 900 ‚
1702 843 1828 889 illum

453 915 552 961 fide.
602 914 791 960 Nolebat
825 932 922 960 eum
965 915 1043 960 iste
1083 914 1193 959 mori
1210 951 1221 969 ‚
1268 913 1446 959 nolebat
1480 913 1551 959 ille
1598 913 1794 960 coronari
1815 933 1826 967 ;

453 985 639 1049 proinde
663 986 779 1031 circa
800 985 930 1031 istum
963 985 1163 1048 placidus
1185 1023 1194 1041 ‚
1219 985 1335 1030 circa
1361 983 1485 1031 illum
1516 996 1694 1039 cautus;
1722 984 1830 1030 huic

455 1068 601 1120 aperte
618 1056 925 1121 respondebat,
944 1056 1068 1102 illum
1086 1056 1254 1102 occulte
1275 1057 1491 1103 vincebat.

520 1128 594 1176 VI.
626 1149 647 1169 «
673 1128 780 1183 Fac,
808 1126 975 1190 inquit,
1013 1126 1133 1190 qnod
1166 1127 1249 1172 tibi
1289 1137 1561 1190 praeceptum
1589 1136 1652 1172 est
1679 1145 1690 1172 ε
1717 1127 1762 1172 in
1785 1141 1830 1172 re

456 1220 478 1242 »
502 1210 590 1244 tam
609 1202 726 1258 justa
746 1197 865 1243 nulla
893 1208 955 1243 cst
980 1198 1253 1244 consultatio.
1286 1220 1305 1238 »
1331 1198 1504 1242 Dixerat
1527 1197 1694 1262 quippe
1717 1197 1788 1243 ille
1815 1214 1826 1242 :

454 1291 475 1311 α
502 1269 689 1315 Consule
727 1269 825 1315 tihi.
856 1290 876 1310 υ
895 1267 962 1314 Ad
1003 1269 1090 1313 1100
1120 1285 1375 1332 responsum
1407 1279 1500 1313 est:
1527 1289 1547 1310 «
1567 1269 1619 1313 ln
1652 1285 1697 1314 re
1743 1279 1830 1313 tam

458 1364 479 1383 »
498 1345 615 1400 justa
639 1340 757 1387 nulla
791 1351 853 1385 est
877 1340 1150 1386 consultatio,
1184 1362 1203 1381 »
1227 1339 1425 1385 Consulit
1451 1339 1564 1385 enim
1583 1339 1659 1403 qui
1684 1339 1830 1385 consi-

456 1412 564 1457 lium
580 1411 648 1459 vel
667 1411 880 1474 impertit„
906 1409 975 1456 vel
1003 1411 1174 1473 quaerit.
1209 1411 1291 1456 Sed
1317 1410 1551 1474 proconsul
1579 1427 1666 1457 non
1690 1428 1714 1456 a
1736 1410 1830 1474 Cy-

455 1483 609 1546 priano
634 1481 861 1528 consilium
898 1481 1094 1544 accipere
1122 1480 1318 1538 volebat,
1343 1481 1415 1527 sed
1449 1498 1546 1526 eum
1574 1481 1719 1544 potius
1741 1491 1790 1526 ut
1807 1499 1830 1527 a

455 1571 497 1599 se
526 1554 742 1617 acciperet
769 1552 1044 1598 admonebat.
1084 1553 1141 1598 At
1179 1552 1250 1598 ille
1270 1590 1281 1607 ‚
1324 1574 1343 1594 <s
1362 1553 1413 1597 In
1440 1570 1484 1598 re
1501 1590 1512 1609 ‚
1539 1552 1711 1616 inquit,
1739 1562 1830 1598 tam

454 1647 475 1667 »
494 1629 610 1685 justa
633 1623 752 1670 nulla
771 1634 832 1669 est
855 1623 1127 1669 consultatio.
1159 1645 1179 1665 »
1207 1625 1304 1668 :Non
1329 1623 1476 1668 adhuc
1501 1623 1678 1668 consulo
1695 1661 1706 1679 ‚
1728 1623 1831 1686 quia

454 1714 540 1741 non
559 1694 706 1740 adhuc
733 1693 890 1739 dubito
912 1710 922 1738 ε
952 1693 1258 1738 abstulitenim
1271 1694 1380 1738 mihi
1400 1693 1719 1739 dubitationem
1736 1694 1830 1757 ipsa

448 1766 633 1826 justitia.
664 1766 814 1810 Justus
852 1774 993 1809 autem
1015 1801 1025 1820 ,
1054 1774 1101 1809 ut
1124 1781 1298 1809 securus
1343 1764 1555 1809 moriatur
1591 1765 1636 1809 in
1672 1781 1826 1821 carne,

454 1847 594 1881 certus
615 1835 724 1882 vivit
742 1835 787 1879 in
811 1833 910 1880 fide.
939 1835 1250 1879 Praeccsserant
1272 1834 1545 1896 Cyprianum
1570 1835 1698 1880 multi
1716 1836 1831 1881 Mar-

455 1917 595 1969 tyres,
622 1922 729 1968 quos
753 1904 1091 1964 flagrantissimis
1122 1905 1496 1950 exhortationihus
1531 1905 1618 1950 suis
1642 1905 1697 1950 ad
1728 1905 1828 1952 Vin-

455 1976 643 2023 cendum
676 1975 901 2020 diabolum
935 1975 1189 2020 accenderat
1217 1994 1226 2020 :
1254 1986 1295 2020 ct
1319 1985 1410 2020 erat
1448 1976 1596 2039 utique
1633 1980 1827 2036 justum,

455 2058 503 2092 ut
527 2062 633 2109 quos
655 2044 872 2091 veridicus
891 2044 1109 2107 loquendo
1135 2046 1402 2107 pra‘miserat
1418 2083 1428 2101 ‚
1461 2045 1668 2108 patiendo
1692 2046 1830 2092 intre-

457 2117 589 2181 pidus
613 2125 862 2178 sequeretur
885 2132 896 2160 :
919 2132 1019 2174 ergo
1042 2136 1062 2155 «
1083 2116 1135 2159 ln
1156 2132 1199 2160 re
1222 2126 1312 2160 tam
1341 2119 1456 2174 justa
1479 2116 1598 2161 nulla
1635 2127 1696 2161 est
1721 2134 1831 2162 con-

454 2210 475 2231 »
499 2187 685 2233 sultatiO.
714 2207 734 2228 >³
762 2186 881 2242 Quid
910 2186 964 2231 ad
990 2186 1088 2231 haec
1111 2185 1339 2232 dicamus?
1366 2187 1473 2249 quid
1500 2187 1555 2233 ad
1584 2187 1683 2233 haec
1708 2188 1830 2235 exul-

454 2261 628 2305 temus?
648 2259 789 2303 Tanta
817 2257 1101 2320 conceptione
1123 2257 1404 2317 gaudiorum,
1432 2258 1477 2302 in
1505 2257 1613 2321 quid
1631 2271 1832 2323 erumpat

456 2346 531 2375 001·
560 2337 756 2373 nostrum
786 2338 827 2371 et
863 2344 908 2372 os
939 2338 1133 2372 nostrum
1153 2365 1163 2381 ,
1200 2328 1281 2373 nisi
1321 2327 1366 2372 in
1404 2328 1542 2391 ipsam
1573 2328 1830 2376 venerabilis

456 2398 662 2461 Martyris
692 2397 890 2442 ultimam
918 2401 1094 2443 vocem?
1122 2398 1234 2442 Cum
1261 2398 1374 2442 enim
1401 2397 1597 2443 Galerius
1623 2399 1830 2446 Maximus

455 2470 676 2517 decretum
715 2485 762 2513 ex
802 2466 949 2513 libello
990 2468 1206 2514 recitasset
1233 2487 1244 2514 ε
1275 2490 1294 2510 c<
1314 2468 1517 2514 Tascium
1556 2470 1829 2533 Cyprianum

457 2563 479 2584 >2
503 2540 646 2602 gladio
666 2538 949 2587 animadverti
964 2539 1122 2602 placet.
1148 2562 1169 2589 »
1192 2539 1437 2604 Respondit
1453 2539 1525 2587 ille
1547 2557 1558 2586 ε
1585 2541 1715 2590 «Deo
1735 2558 1830 2602 gra-

502 2627 645 2674 ιΕρὴες.
662 2639 702 2674 11,
723 2638 757 2663 20·
