1899 3241
196 295 335 326 sERMo
371 293 506 334 cccn,
545 293 592 323 ΙΝ
629 290 929 324 SOLEMNITATE
966 292 1000 321 s.
1043 290 1294 323 LAURENTII.
1368 275 1429 322 65

78 360 112 406 si
136 359 320 406 diceret:
335 361 505 405 Bonum
526 358 611 414 fac,
638 368 679 403 et
703 357 900 403 laudabit
922 367 963 401 te
987 366 1189 419 potestas,
1217 357 1433 421 deciperet

74 441 129 478 te.
153 430 284 476 Modo
309 440 450 476 autem
470 429 726 492 temperavit
750 428 896 484 verba,
921 426 1238 490 circumspexit,
1265 444 1434 490 appen-

75 500 432 557 dit„moderatus
456 510 534 556 est,
565 498 852 545 circumcidit.
887 497 1048 543 Discite
1073 496 1192 560 quod
1224 497 1399 542 audistis
1419 515 1432 542 t

75 592 95 612 «
114 574 282 616 Bonum
302 571 388 626 fac,
408 581 449 616 et
468 569 652 616 habebis
673 568 844 614 laudem
864 585 910 613 ex
934 567 1034 621 illa;
1057 589 1077 609 ›>
1092 567 1219 612 etiam
1237 566 1331 630 ipsa
1345 566 1435 612 lau-

76 639 222 698 dante,
244 642 275 687 si
295 641 411 687 bona
428 651 502 687 est.
530 640 572 685 Si
595 650 737 685 autem
755 641 903 703 iniqua
920 649 997 694 est,
1021 649 1215 684 mortuus
1230 655 1310 702 pro
1329 637 1431 695 fide,

76 729 156 776 pro
176 712 359 772 J‘ustitia,
383 729 461 776 pro
489 711 682 767 veritate,
711 710 894 756 habebis
915 708 1087 755 laudem
1110 727 1156 755 ex
1180 708 1253 755 illa
1269 746 1280 765 ,
1308 708 1437 754 etiam

76 783 274 829 saeviente
303 782 388 829 illa.
431 783 491 827 Ex
520 781 591 827 illa
614 781 728 826 enim
759 779 944 826 habebis
975 797 1062 826 non
1090 780 1184 844 ipsa
1213 778 1432 836 laudante,

75 853 147 899 sed
169 854 261 918 ipsa
285 854 368 899 tibi
390 853 529 899 laudis
560 853 828 899 occasionem
855 851 1090 915 praebente.
1129 852 1240 911 Ergo
1271 851 1437 897 bonum

71 923 157 981 fac,
178 936 219 970 et
236 924 440 981 habebis,
464 935 505 970 et
529 942 701 970 securus
727 924 819 970 eris.

136 994 262 1041 XIII.
306 994 389 1039 Sed
427 994 566 1040 malus
606 994 677 1040 ille
712 1004 830 1040 tanta
863 992 981 1050 fecit,
1029 1003 1168 1039 tantos
1204 993 1433 1057 oppressit,

72 1075 213 1111 tantos
229 1065 283 1111 ad
303 1065 624 1111 mendicitatem
645 1076 956 1128 egestatemque
970 1064 1181 1128 perduxit.
1205 1064 1350 1110 Habet
1360 1068 1439 1124 ju—

70 1135 185 1181 dices
218 1153 332 1193 suos,
371 1136 506 1181 habet
541 1148 770 1200 potestates
807 1153 914 1183 suas.
956 1135 1169 1181 Ordinata
1195 1145 1257 1181 est
1286 1152 1441 1199 respu--

68 1204 196 1254 blica.
232 1228 253 1249 «
285 1206 396 1263 Quae
427 1207 540 1253 enim
570 1218 686 1263 sunt,
722 1225 744 1252 a
776 1210 871 1251 Deo
911 1206 1120 1251 ordinatae
1155 1216 1256 1251 sunt
1269 1204 1302 1252 1.
1331 1206 1441 1251 »Tu

68 1293 201 1339 quare
235 1278 384 1323 saevis'?
421 1278 563 1334 Quam
588 1287 844 1341 potestatem
869 1276 1088 1340 accepisti,
1117 1276 1199 1322 nisi
1224 1276 1326 1340 quia
1348 1293 1436 1322 non

67 1357 167 1392 sunt
188 1347 267 1393 ista
289 1347 470 1411 publica
491 1347 704 1411 supplicia
718 1385 728 1404 ,
763 1348 835 1393 sed
860 1357 1007 1411 aperta
1030 1346 1257 1392 latrocinia
1272 1349 1290 1391 ἱ)
1317 1345 1438 1401 Quid

67 1417 210 1463 enim?
237 1417 514 1463 Considerate
544 1419 587 1463 in
618 1418 720 1482 ipsis
741 1417 967 1463 ordinibus
991 1427 1272 1481 potestatum,
1302 1415 1437 1461 desti-

66 1498 215 1534 natum
240 1488 454 1552 supplicio
480 1500 521 1534 et
539 1489 814 1545 damnatum,
834 1489 905 1534 cui
923 1488 1090 1549 gladius
1111 1487 1324 1542 imminet,
1349 1503 1436 1532 non

63 1557 189 1605 licere
204 1559 338 1616 feriri,
360 1560 440 1605 nisi
461 1560 516 1605 ab
536 1560 609 1605 illo
629 1560 703 1622 qui
725 1560 880 1606 adhoc
901 1559 1072 1606 militat.
1098 1558 1260 1604 Militat
1284 1558 1434 1614 Quaes-

63 1629 270 1675 tionarius
297 1648 307 1675 :
337 1631 392 1675 ab
428 1630 501 1676 illo
531 1631 773 1694 percutitur
799 1631 1042 1677 damnatus.
1082 1628 1128 1675 Si
1157 1628 1430 1681 damnatum,

57 1704 148 1759 jam
182 1701 396 1765 supplicio
437 1701 721 1758 destinatum,
762 1702 978 1766 percutiat
1012 1702 1248 1764 Exceptor,
1291 1717 1433 1745 nonne

61 1782 102 1817 et
126 1771 379 1819 damnatum
405 1773 595 1832 occidit,
620 1785 661 1820 et
686 1785 893 1837 tanquam
918 1772 1138 1819 homicida
1165 1772 1429 1818 damnatur?

61 1842 187 1889 Certe
215 1861 343 1907 quem
369 1844 554 1900 occidit,
585 1849 676 1904 jam
712 1845 940 1891 damnatus
964 1854 1076 1899 erat,
1098 1846 1189 1902 jam
1213 1841 1431 1905 supplicio

23 1930 24 1937 ¹
59 1912 320 1960 destinatus:
340 1915 412 1960 sed
451 1914 692 1960 inordinate
735 1914 857 1960 ferire
877 1953 887 1971 ,
930 1912 1218 1960 homicidium
1256 1922 1330 1958 est.
1382 1912 1429 1957 Si

58 1983 343 2031 homicidium
369 1996 447 2039 est,
480 1986 720 2031 inordinate
744 1986 867 2031 ferire
891 1986 1173 2036 damnatum3
1203 1982 1308 2045 quid
1343 1992 1421 2038 est,

55 2072 158 2115 rogo
179 2072 270 2110 vos,
296 2056 401 2102 velle
425 2056 546 2101 ferire
570 2057 831 2112 inauditum,
859 2056 966 2102 velle
989 2056 1112 2101 ferire
1136 2072 1223 2099 non
1245 2053 1423 2112 judica—

57 2135 165 2179 tum,
184 2125 289 2172 velle
306 2126 429 2171 ferire
446 2126 563 2171 nulla
580 2138 755 2190 accepta
771 2137 978 2190 potestate
996 2122 1389 2171 hominemmalum
1401 2127 1420 2166 ἓ)

56 2197 152 2243 Non
172 2198 285 2242 enim
304 2197 436 2242 malos
455 2197 743 2255 defendimus,
770 2209 843 2244 aul,
865 2198 1049 2243 dicimus
1068 2196 1202 2241 malos
1226 2212 1311 2239 non
1332 2212 1419 2239 esse

53 2265 200 2313 malos.
240 2267 438 2313 Reddeut
473 2268 570 2312 inde
602 2269 809 2313 rationem
839 2268 914 2331 qui
939 2261 1154 2326 judicarit.
1188 2265 1333 2322 Quare
1363 2263 1417 2310 de

53 2349 189 2382 morte
212 2338 345 2383 aliena
371 2349 415 2384 tu
439 2339 502 2385 vis
521 2338 696 2384 reddere
717 2339 1014 2385 difficultatem
1036 2336 1213 2383 rationis
1235 2336 1415 2398 quinon

53 2418 198 2470 portas
228 2409 434 2454 sarcinam
471 2411 717 2472 potestatis?
758 2411 979 2456 Liberavit
1013 2420 1052 2454 te
1082 2409 1218 2458 Deus,
1253 2417 1299 2451 ut
1329 2423 1414 2451 uon

53 2478 107 2522 sis
125 2478 253 2537 judex
275 2497 285 2523 :
305 2479 411 2542 quid
446 2480 524 2525 tibi
559 2498 738 2545 usurpas
771 2481 984 2527 alienum?
1012 2482 1075 2525 De
1106 2489 1145 2524 te
1176 2477 1307 2523 redde
1339 2493 1413 2522 ra—

55 2558 224 2596 tlonem.

95 2638 106 2661 ¹
124 2641 216 2671 Rom.
234 2649 304 2678 xm,
330 2650 358 2673 ι,

210 2706 395 2739 cxxvul.

1233 2689 1262 2735 ιἼ
