1942 3272
474 289 567 341 114
895 300 929 327 s.
974 297 1215 328 AmusTiNt
1253 299 1449 329 Episcopi

457 366 531 411 sed
569 364 731 411 solutus
746 374 873 427 atque
893 363 1100 409 liberatus
1119 381 1141 409 a
1161 381 1269 409 nexu
1287 375 1328 409 et
1347 365 1483 410 debiti
1506 375 1547 410 et
1566 365 1725 411 rineuli
1741 377 1843 411 cum

469 437 643 483 Christo
685 435 856 499 quietus
893 445 1088 498 expectat
1132 435 1478 499 redemptionem.
1525 436 1720 500 eorporis
1757 436 1837 483 sui.

467 509 554 566 Qui
579 507 693 553 enim
716 507 826 553 x‘ivae
853 523 940 551 suar·
969 505 1108 550 earnis
1132 506 1367 552 tentatione
1396 524 1481 552 non
1509 506 1649 553 vietus
1681 517 1759 564 est,
1790 507 1844 553 de

467 578 647 643 sepulta-3
669 576 935 642 reparatione
954 593 1127 622 securus
1148 587 1223 624 est.

534 652 592 697 ll.
636 651 688 695 In
724 649 908 694 Domino
941 665 1039 708 ergo
1072 647 1273 693 laudetur
1309 648 1450 693 anima
1485 651 1600 708 ejus,
1641 659 1688 694 ut
1723 649 1845 694 mites

469 721 648 768 audiant
681 731 723 766 et
754 719 969 766 latentur.
1004 720 1054 764 In
1081 719 1266 763 Domino
1300 719 1503 764 laudetur
1535 720 1677 765 anima
1707 720 1841 776 bona,

470 810 556 857 quo
579 791 824 856 possidente
847 792 897 835 fit
918 790 1051 846 bonaq
1084 807 1169 853 quo
1199 789 1437 853 inspirante
1462 790 1592 850 viget,
1625 808 1711 854 quo
1741 791 1845 836 illu-

466 864 657 909 minante
677 861 827 921 fnlget,
851 878 936 924 quo
959 860 1171 906 formante
1197 859 1496 924 pul‹:ln·a‚‹pio
1521 861 1728 925 implente
1757 861 1846 907 soe-

468 933 613 980 cunda
634 944 708 980 est.
742 933 836 978 Hoc
862 931 974 976 enim
1002 931 1238 981 deserente,
1265 931 1485 994 quondam
1508 942 1695 988 mortua,
1725 943 1846 977 tene—

467 1007 614 1055 brosa,
643 1003 863 1058 deformis„
885 1002 1036 1047 sterilis
1054 1001 1315 1059 fluctuabat,
1348 1013 1577 1066 antequam
1597 1002 1847 1048 credidisset

467 1078 512 1123 in
541 1077 781 1123 Christum.
812 1074 930 1131 Quid
951 1074 1066 1119 enim
1091 1073 1128 1119 ei
1158 1091 1328 1137 pagano
1355 1074 1560 1138 proderat
1579 1073 1843 1137 eloquentia,

470 1166 555 1212 qua
581 1159 787 1211 tanquam
818 1145 978 1210 poculo
1009 1145 1196 1209 pretioso
1227 1155 1269 1190 et
1292 1145 1475 1190 bibebat
1508 1145 1775 1201 mortiferos,
1805 1155 1847 1190 et

466 1219 734 1284 propinabat
755 1220 945 1263 errores?
974 1216 1086 1262 Cum
1114 1225 1255 1262 autem
1275 1216 1521 1276 benignitas
1541 1227 1582 1262 et
1599 1215 1847 1262 humanitas

469 1289 608 1337 illuxit
627 1289 752 1334 Salva
761 1288 860 1333 toris
874 1287 1006 1334 nostri
1023 1287 1120 1344 Dei,
1140 1286 1370 1333 mundavit
1385 1301 1485 1333 eum
1503 1287 1752 1333 credentem
1764 1287 1848 1332 sibi

472 1381 492 1408 a
517 1360 797 1407 saeeularibus
816 1358 1152 1423 cupiditatibus,
1173 1367 1217 1403 et
1236 1358 1337 1404 seeit
1358 1376 1428 1404 vas
1448 1358 1490 1403 in
1511 1357 1720 1403 bonorem
1744 1356 1848 1403 utile

472 1432 622 1478 domui
652 1448 757 1487 suae,
791 1429 845 1475 ad
873 1446 997 1475 omne
1032 1446 1141 1493 opus
1177 1428 1340 1474 bonum
1365 1427 1614 1492 paranuu‘l.
1655 1430 1745 1475 Nec
1776 1428 1848 1474 ille

475 1515 677 1566 tanquam
705 1503 896 1561 ingratus
919 1500 1018 1546 haec
1040 1499 1196 1546 tacuitbv
1223 1500 1347 1547 Absit
1369 1499 1483 1545 enim
1514 1507 1562 1544 ut
1589 1516 1849 1560 cognoscens

474 1577 615 1621 Deum
639 1591 725 1619 non
743 1573 856 1618 sieut
876 1572 1016 1617 Deum
1040 1570 1301 1631 glorificaret
1319 1588 1329 1615 ε
1347 1570 1418 1616 sed
1445 1571 1601 1630 gratias
1619 1571 1720 1630 egit,
1740 1569 1849 1633 pris-

473 1646 562 1692 tina
584 1662 657 1690 sua
684 1661 771 1689 non
798 1642 930 1705 impie
956 1641 1180 1687 resorbens
1206 1657 1304 1704 qnae
1325 1651 1566 1697 minuerat,
1591 1640 1662 1686 sed
1689 1640 1759 1704 pio
1778 1656 1849 1685 re-

472 1716 616 1762 colens
635 1731 734 1778 quae
751 1723 1004 1759 mutaverat.
1029 1712 1233 1757 Scribens
1252 1711 1366 1756 enim
1388 1711 1443 1757 ad
1461 1712 1652 1758 anticum
1672 1726 1797 1757 suum
1811 1710 1847 1766 29

477 1798 524 1833 ut
552 1797 594 1832 et
614 1786 703 1850 ipse
722 1802 769 1830 ex
796 1783 1003 1840 tenebris,
1031 1782 1149 1846 quod
1170 1793 1261 1828 erat
1287 1783 1332 1828 in
1356 1800 1414 1839 se,
1448 1783 1568 1828 fieret
1593 1782 1665 1828 lux
1687 1782 1732 1828 in
1756 1782 1852 1827 Do*

477 1858 609 1903 mino.
635 1878 654 1897 «
677 1857 786 1915 ligo,
807 1854 967 1917 inquit,
988 1870 1038 1898 eu
1049 1871 1087 1897 m
1105 1853 1150 1898 in
1172 1853 1356 1898 tenebris
1379 1863 1506 1916 atque
1522 1853 1568 1899 in
1587 1863 1713 1899 noete
1736 1869 1854 1899 caeca

473 1932 679 1988 jacerem„
704 1943 890 1988 eumque
916 1925 962 1970 in
988 1924 1074 1970 salo
1089 1925 1295 1984 jactantis
1320 1924 1467 1969 saeeuli
1496 1924 1781 1970 nutabundus
1805 1940 1854 1969 ac

478 1999 641 2044 dubius
662 1997 849 2055 vestigiis
868 1994 1173 2040 oberrantibus
1196 1995 1470 2044 fluctuarem.
1491 1995 1593 2041 vitae
1621 2011 1729 2040 ‘meae
1755 2012 1855 2041 nes-

484 2071 600 2119 eius.
630 2067 821 2114 veritatis
854 2084 903 2111 ae
932 2064 1040 2111 lueis
1064 2065 1238 2111 alienus.
1286 2066 1336 2109 Et
1364 2065 1494 2129 paulo
1521 2067 1777 2129 postzNam
1809 2076 1857 2110 ut

482 2142 591 2205 ipseq
616 2139 774 2202 inquit„
800 2137 999 2201 plurimis
1021 2136 1123 2182 vita‘.
1150 2153 1256 2181 meae
1283 2136 1438 2199 prioris
1465 2137 1681 2182 erroribus
1706 2136 1857 2203 impli-

485 2223 608 2257 catus
639 2210 842 2264 tenebar,
873 2207 1032 2270 quibus
1061 2206 1155 2251 exui
1179 2224 1245 2251 me
1266 2224 1388 2270 posse
1414 2224 1501 2253 non
1525 2207 1770 2260 crederemg
1797 2205 1858 2252 sic

485 2283 600 2331 vitiis
635 2279 943 2326 adherentibus
977 2277 1276 2322 obsecundans
1309 2295 1450 2334 eram,
1488 2288 1529 2323 et
1563 2277 1858 2341 desperatione

486 2353 730 2401 meliorum.
768 2349 888 2394 malis
913 2349 1017 2394 meis
1053 2348 1167 2395 velut
1195 2352 1284 2408 jani
1319 2349 1507 2412 propriis
1539 2365 1589 2394 ac
1622 2347 1860 2395 vernaculis

485 2424 738 2473 affavebam.
765 2441 786 2463 >›

555 2497 636 2542 ΙΙΙ.
680 2495 792 2539 Eece
816 2490 985 2555 qualem
1014 2491 1285 2554 Cyprianum
1317 2490 1518 2536 Christus
1539 2490 1704 2538 invenit
1727 2507 1738 2535 ε
1763 2505 1860 2535 ecce
1925 2493 1928 2500 ⁴

489 2568 542 2615 ad
566 2566 740 2630 qualem
766 2563 952 2609 animam
972 2563 1301 2625 percutiendam
1321 2573 1362 2609 et
1381 2563 1618 2610 sanandam
1638 2562 1708 2610 illc
1725 2561 1861 2612 cradi-

533 2659 544 2680 ¹
564 2670 579 2689 2
597 2660 682 2688 'l'nn.
700 2666 735 2692 ιι,
759 2665 811 2685 21.
833 2670 872 2677 -—
893 2651 908 2673 '²
926 2654 961 2683 ln
977 2651 1118 2695 Epistola
1133 2663 1157 2683 11
1177 2651 1216 2684 ad
1237 2654 1411 2687 Donatum.
