<?xml version="1.0" encoding="UTF-8"?>
<!DOCTYPE html PUBLIC "-//W3C//DTD XHTML 1.0 Transitional//EN"
    "http://www.w3.org/TR/xhtml1/DTD/xhtml1-transitional.dtd">
<html xmlns="http://www.w3.org/1999/xhtml" xml:lang="en" lang="en">
 <head>
  <title>
</title>
<meta http-equiv="Content-Type" content="text/html;charset=utf-8" />
  <meta name='ocr-system' content='tesseract 3.04.00' />
  <meta name='ocr-capabilities' content='ocr_page ocr_carea ocr_par ocr_line ocrx_word'/>
</head>
<body>
  <div class='ocr_page' id='page_1' title='image "./operaomniaaccura21auguuoft_0179.png"; bbox 0 0 1894 3236; ppageno 0'>
   <div class='ocr_carea' id='block_1_1' title="bbox 291 285 1466 340">
    <p class='ocr_par' dir='ltr' id='par_1_1' title="bbox 291 285 1466 340">
     <span class='ocr_line' id='line_1_1' title="bbox 291 285 1466 340; baseline 0.001 -9"><span class='ocrx_word' id='word_1_1' title='bbox 291 300 433 331; x_wconf 73' lang='lat' dir='ltr'>smmo</span> <span class='ocrx_word' id='word_1_2' title='bbox 471 300 694 340; x_wconf 66' lang='lat' dir='ltr'>cmxxvu,</span> <span class='ocrx_word' id='word_1_3' title='bbox 733 301 778 331; x_wconf 70' lang='lat' dir='ltr'>m</span> <span class='ocrx_word' id='word_1_4' title='bbox 816 298 976 331; x_wconf 74' lang='lat' dir='ltr'>NATAm</span> <span class='ocrx_word' id='word_1_5' title='bbox 1010 299 1270 333; x_wconf 64' lang='lat' dir='ltr'><strong>MARTYRUM.</strong></span> <span class='ocrx_word' id='word_1_6' title='bbox 1381 285 1466 332; x_wconf 74' lang='lat'>165</span> 
     </span>
    </p>
   </div>
   <div class='ocr_carea' id='block_1_2' title="bbox 91 365 1466 924">
    <p class='ocr_par' dir='ltr' id='par_1_2' title="bbox 91 365 1466 924">
     <span class='ocr_line' id='line_1_2' title="bbox 96 365 1463 428; baseline 0.001 -17"><span class='ocrx_word' id='word_1_7' title='bbox 96 366 211 412; x_wconf 88' lang='lat' dir='ltr'>Deus</span> <span class='ocrx_word' id='word_1_8' title='bbox 233 382 382 412; x_wconf 86' lang='lat' dir='ltr'>eorum</span> <span class='ocrx_word' id='word_1_9' title='bbox 396 403 406 422; x_wconf 86' lang='lat'><strong><em>‚</em></strong></span> <span class='ocrx_word' id='word_1_10' title='bbox 427 366 473 411; x_wconf 87' lang='lat' dir='ltr'>in</span> <span class='ocrx_word' id='word_1_11' title='bbox 494 382 623 428; x_wconf 88' lang='lat' dir='ltr'>quem</span> <span class='ocrx_word' id='word_1_12' title='bbox 645 365 923 412; x_wconf 86' lang='lat' dir='ltr'>crediderunt</span> <span class='ocrx_word' id='word_1_13' title='bbox 940 403 950 422; x_wconf 87' lang='lat'><strong>,</strong></span> <span class='ocrx_word' id='word_1_14' title='bbox 970 376 1013 412; x_wconf 82' lang='lat' dir='ltr'>et</span> <span class='ocrx_word' id='word_1_15' title='bbox 1033 366 1187 413; x_wconf 87' lang='lat' dir='ltr'>liberet</span> <span class='ocrx_word' id='word_1_16' title='bbox 1209 384 1278 413; x_wconf 89' lang='lat' dir='ltr'>eos</span> <span class='ocrx_word' id='word_1_17' title='bbox 1299 366 1351 413; x_wconf 88' lang='lat' dir='ltr'>de</span> <span class='ocrx_word' id='word_1_18' title='bbox 1371 384 1463 412; x_wconf 86' lang='lat' dir='ltr'>car-</span> 
     </span>
     <span class='ocr_line' id='line_1_3' title="bbox 95 435 1466 500; baseline 0 -18"><span class='ocrx_word' id='word_1_19' title='bbox 95 436 283 491; x_wconf 87' lang='lat' dir='ltr'>ceribus,</span> <span class='ocrx_word' id='word_1_20' title='bbox 302 436 458 499; x_wconf 82' lang='lat' dir='ltr'>eripiat</span> <span class='ocrx_word' id='word_1_21' title='bbox 474 453 544 481; x_wconf 87' lang='lat' dir='ltr'>eos</span> <span class='ocrx_word' id='word_1_22' title='bbox 564 454 586 480; x_wconf 82' lang='lat' dir='ltr'>a</span> <span class='ocrx_word' id='word_1_23' title='bbox 606 435 750 496; x_wconf 76' lang='lat' dir='ltr'>gladio</span> <span class='ocrx_word' id='word_1_24' title='bbox 763 474 773 492; x_wconf 84' lang='lat'>‚</span> <span class='ocrx_word' id='word_1_25' title='bbox 797 437 952 500; x_wconf 83' lang='lat' dir='ltr'>eripiat</span> <span class='ocrx_word' id='word_1_26' title='bbox 973 454 1043 483; x_wconf 77' lang='lat' dir='ltr'>eos</span> <span class='ocrx_word' id='word_1_27' title='bbox 1062 456 1085 482; x_wconf 82' lang='lat' dir='ltr'>a</span> <span class='ocrx_word' id='word_1_28' title='bbox 1104 438 1265 483; x_wconf 87' lang='lat' dir='ltr'>bestiis.</span> <span class='ocrx_word' id='word_1_29' title='bbox 1303 438 1466 482; x_wconf 84' lang='lat' dir='ltr'>Omnia</span> 
     </span>
     <span class='ocr_line' id='line_1_4' title="bbox 94 505 1463 570; baseline 0.002 -21"><span class='ocrx_word' id='word_1_30' title='bbox 94 505 175 550; x_wconf 83' lang='lat' dir='ltr'>ista</span> <span class='ocrx_word' id='word_1_31' title='bbox 204 505 435 561; x_wconf 82' lang='lat' dir='ltr'>dicebant,</span> <span class='ocrx_word' id='word_1_32' title='bbox 465 505 537 551; x_wconf 82' lang='lat' dir='ltr'>sed</span> <span class='ocrx_word' id='word_1_33' title='bbox 561 506 605 550; x_wconf 88' lang='lat' dir='ltr'>in</span> <span class='ocrx_word' id='word_1_34' title='bbox 633 516 754 569; x_wconf 82' lang='lat' dir='ltr'>petra</span> <span class='ocrx_word' id='word_1_35' title='bbox 784 507 945 570; x_wconf 87' lang='lat' dir='ltr'>positos</span> <span class='ocrx_word' id='word_1_36' title='bbox 975 524 1063 552; x_wconf 90' lang='lat' dir='ltr'>non</span> <span class='ocrx_word' id='word_1_37' title='bbox 1085 508 1362 567; x_wconf 71' lang='lat' dir='ltr'>dejiciebant.</span> <span class='ocrx_word' id='word_1_38' title='bbox 1393 507 1463 552; x_wconf 87' lang='lat' dir='ltr'>llli</span> 
     </span>
     <span class='ocr_line' id='line_1_5' title="bbox 94 575 1465 631; baseline 0.001 -11"><span class='ocrx_word' id='word_1_39' title='bbox 94 575 330 621; x_wconf 63' lang='lat' dir='ltr'>saeviebant</span> <span class='ocrx_word' id='word_1_40' title='bbox 344 613 354 631; x_wconf 81' lang='grc'>,</span> <span class='ocrx_word' id='word_1_41' title='bbox 375 575 447 621; x_wconf 85' lang='lat' dir='ltr'>sed</span> <span class='ocrx_word' id='word_1_42' title='bbox 467 576 529 620; x_wconf 89' lang='lat' dir='ltr'>illi</span> <span class='ocrx_word' id='word_1_43' title='bbox 547 594 633 621; x_wconf 90' lang='lat' dir='ltr'>non</span> <span class='ocrx_word' id='word_1_44' title='bbox 654 576 878 624; x_wconf 78' lang='lat' dir='ltr'>timebant.</span> <span class='ocrx_word' id='word_1_45' title='bbox 911 577 1118 622; x_wconf 81' lang='lat' dir='ltr'>Sciebant</span> <span class='ocrx_word' id='word_1_46' title='bbox 1138 578 1214 623; x_wconf 84' lang='lat' dir='ltr'>ubi</span> <span class='ocrx_word' id='word_1_47' title='bbox 1232 594 1301 622; x_wconf 86' lang='lat' dir='ltr'>eos</span> <span class='ocrx_word' id='word_1_48' title='bbox 1319 577 1465 622; x_wconf 85' lang='lat' dir='ltr'>dimit-</span> 
     </span>
     <span class='ocr_line' id='line_1_6' title="bbox 94 646 1465 711; baseline 0.001 -20"><span class='ocrx_word' id='word_1_49' title='bbox 94 646 270 702; x_wconf 80' lang='lat' dir='ltr'>tebant‚</span> <span class='ocrx_word' id='word_1_50' title='bbox 299 657 340 692; x_wconf 81' lang='lat' dir='ltr'>et</span> <span class='ocrx_word' id='word_1_51' title='bbox 368 663 454 709; x_wconf 86' lang='lat' dir='ltr'>quo</span> <span class='ocrx_word' id='word_1_52' title='bbox 489 646 766 693; x_wconf 70' lang='lat' dir='ltr'>festinabant.</span> <span class='ocrx_word' id='word_1_53' title='bbox 801 651 1077 693; x_wconf 86' lang='lat' dir='ltr'>Coronantur</span> <span class='ocrx_word' id='word_1_54' title='bbox 1108 651 1320 711; x_wconf 61' lang='lat' dir='ltr'>Martyres</span> <span class='ocrx_word' id='word_1_55' title='bbox 1355 664 1465 692; x_wconf 89' lang='lat' dir='ltr'>con-</span> 
     </span>
     <span class='ocr_line' id='line_1_7' title="bbox 92 717 1465 778; baseline 0.001 -16"><span class='ocrx_word' id='word_1_56' title='bbox 92 717 266 763; x_wconf 81' lang='lat' dir='ltr'>sessores</span> <span class='ocrx_word' id='word_1_57' title='bbox 281 755 292 774; x_wconf 81' lang='lat'><strong><em>‚</em></strong></span> <span class='ocrx_word' id='word_1_58' title='bbox 333 728 376 763; x_wconf 83' lang='lat' dir='ltr'>et</span> <span class='ocrx_word' id='word_1_59' title='bbox 406 729 704 764; x_wconf 85' lang='lat' dir='ltr'>remanserunt</span> <span class='ocrx_word' id='word_1_60' title='bbox 739 718 910 778; x_wconf 85' lang='lat' dir='ltr'>judices</span> <span class='ocrx_word' id='word_1_61' title='bbox 949 719 1192 765; x_wconf 87' lang='lat' dir='ltr'>desertores.</span> <span class='ocrx_word' id='word_1_62' title='bbox 1244 719 1314 764; x_wconf 69' lang='lat' dir='ltr'>Sic</span> <span class='ocrx_word' id='word_1_63' title='bbox 1350 719 1465 764; x_wconf 89' lang='lat' dir='ltr'>Deus</span> 
     </span>
     <span class='ocr_line' id='line_1_8' title="bbox 91 786 1463 854; baseline 0.001 -20"><span class='ocrx_word' id='word_1_64' title='bbox 91 786 186 834; x_wconf 80' lang='lat' dir='ltr'>vult</span> <span class='ocrx_word' id='word_1_65' title='bbox 215 805 569 852; x_wconf 86' lang='lat' dir='ltr'>unumquemque</span> <span class='ocrx_word' id='word_1_66' title='bbox 593 789 892 835; x_wconf 83' lang='lat' dir='ltr'>Christianum</span> <span class='ocrx_word' id='word_1_67' title='bbox 917 789 1104 854; x_wconf 84' lang='lat' dir='ltr'>probare</span> <span class='ocrx_word' id='word_1_68' title='bbox 1119 827 1129 846; x_wconf 85' lang='lat'><strong><em>‚</em></strong></span> <span class='ocrx_word' id='word_1_69' title='bbox 1156 799 1204 836; x_wconf 87' lang='lat' dir='ltr'>ut</span> <span class='ocrx_word' id='word_1_70' title='bbox 1226 790 1463 854; x_wconf 81' lang='lat' dir='ltr'>probatum</span> 
     </span>
     <span class='ocr_line' id='line_1_9' title="bbox 92 857 855 924; baseline 0.004 -20"><span class='ocrx_word' id='word_1_71' title='bbox 92 857 193 905; x_wconf 85' lang='lat' dir='ltr'>velit</span> <span class='ocrx_word' id='word_1_72' title='bbox 219 876 320 906; x_wconf 90' lang='lat' dir='ltr'>cum</span> <span class='ocrx_word' id='word_1_73' title='bbox 341 861 610 924; x_wconf 70' lang='lat' dir='ltr'>Martyribus</span> <span class='ocrx_word' id='word_1_74' title='bbox 636 877 855 908; x_wconf 87' lang='lat' dir='ltr'>coronare.</span> 
     </span>
    </p>
   </div>
   <div class='ocr_carea' id='block_1_3' title="bbox 91 1047 1445 1063">
    <p class='ocr_par' dir='ltr' id='par_1_3' title="bbox 91 1047 1445 1063">
     <span class='ocr_line' id='line_1_10' title="bbox 91 1047 1445 1063; baseline 0.003 -5"><span class='ocrx_word' id='word_1_75' title='bbox 91 1047 1445 1063; x_wconf 49' lang='grc' dir='ltr'>ιιιιιιιιιιιιιιιιιιιιιιιιιιιιιιιιιιιιιιιιιιιιιιιιιιιιιιιιιιιιιιι</span> 
     </span>
    </p>
   </div>
   <div class='ocr_carea' id='block_1_4' title="bbox 485 1199 1061 1248">
    <p class='ocr_par' dir='ltr' id='par_1_4' title="bbox 485 1199 1061 1248">
     <span class='ocr_line' id='line_1_11' title="bbox 485 1199 1061 1248; baseline 0.007 -4"><span class='ocrx_word' id='word_1_76' title='bbox 485 1200 689 1247; x_wconf 54' lang='lat' dir='ltr'>§nitito</span> <span class='ocrx_word' id='word_1_77' title='bbox 728 1199 1014 1246; x_wconf 77' lang='lat' dir='ltr'>CCCXXVII</span> <span class='ocrx_word' id='word_1_78' title='bbox 1031 1200 1061 1248; x_wconf 74' lang='lat'>¹.</span> 
     </span>
    </p>
   </div>
   <div class='ocr_carea' id='block_1_5' title="bbox 507 1369 1063 1430">
    <p class='ocr_par' dir='ltr' id='par_1_5' title="bbox 507 1369 1063 1430">
     <span class='ocr_line' id='line_1_12' title="bbox 507 1369 1063 1430; baseline 0.002 -14"><span class='ocrx_word' id='word_1_79' title='bbox 507 1374 565 1416; x_wconf 83' lang='lat' dir='ltr'>In</span> <span class='ocrx_word' id='word_1_80' title='bbox 588 1369 762 1418; x_wconf 74' lang='lat' dir='ltr'>Natali</span> <span class='ocrx_word' id='word_1_81' title='bbox 782 1373 1063 1430; x_wconf 62' lang='lat' dir='ltr'>martyr-mn.</span> 
     </span>
    </p>
   </div>
   <div class='ocr_carea' id='block_1_6' title="bbox 80 1562 1460 2613">
    <p class='ocr_par' dir='ltr' id='par_1_6' title="bbox 80 1562 1460 2613">
     <span class='ocr_line' id='line_1_13' title="bbox 153 1562 1456 1625; baseline 0.002 -18"><span class='ocrx_word' id='word_1_82' title='bbox 153 1563 188 1609; x_wconf 91' lang='lat' dir='ltr'>I.</span> <span class='ocrx_word' id='word_1_83' title='bbox 232 1562 527 1607; x_wconf 62' lang='lat' dir='ltr'>CANit-tvmt‘s</span> <span class='ocrx_word' id='word_1_84' title='bbox 566 1564 658 1607; x_wconf 89' lang='lat' dir='ltr'>Deo</span> <span class='ocrx_word' id='word_1_85' title='bbox 683 1564 930 1625; x_wconf 57' lang='lat' dir='ltr'>Martyrum</span> <span class='ocrx_word' id='word_1_86' title='bbox 963 1579 1068 1608; x_wconf 79' lang='lat' dir='ltr'>voce</span> <span class='ocrx_word' id='word_1_87' title='bbox 1095 1580 1105 1607; x_wconf 73' lang='grc' dir='ltr'><strong><em>ε</em></strong></span> <span class='ocrx_word' id='word_1_88' title='bbox 1145 1563 1342 1609; x_wconf 78' lang='lat' dir='ltr'>«Judica</span> <span class='ocrx_word' id='word_1_89' title='bbox 1365 1582 1456 1621; x_wconf 86' lang='lat' dir='ltr'>me,</span> 
     </span>
     <span class='ocr_line' id='line_1_14' title="bbox 87 1631 1458 1692; baseline 0 -17"><span class='ocrx_word' id='word_1_90' title='bbox 87 1654 108 1675; x_wconf 87' lang='lat'>»</span> <span class='ocrx_word' id='word_1_91' title='bbox 127 1634 259 1688; x_wconf 83' lang='lat' dir='ltr'>Deus,</span> <span class='ocrx_word' id='word_1_92' title='bbox 281 1642 323 1677; x_wconf 85' lang='lat' dir='ltr'>et</span> <span class='ocrx_word' id='word_1_93' title='bbox 350 1631 542 1677; x_wconf 85' lang='lat' dir='ltr'>discerne</span> <span class='ocrx_word' id='word_1_94' title='bbox 576 1648 750 1677; x_wconf 87' lang='lat' dir='ltr'>causam</span> <span class='ocrx_word' id='word_1_95' title='bbox 768 1649 906 1677; x_wconf 87' lang='lat' dir='ltr'>meam</span> <span class='ocrx_word' id='word_1_96' title='bbox 926 1632 978 1677; x_wconf 89' lang='lat' dir='ltr'>de</span> <span class='ocrx_word' id='word_1_97' title='bbox 997 1643 1120 1692; x_wconf 83' lang='lat' dir='ltr'>gente</span> <span class='ocrx_word' id='word_1_98' title='bbox 1135 1650 1220 1678; x_wconf 86' lang='lat' dir='ltr'>non</span> <span class='ocrx_word' id='word_1_99' title='bbox 1240 1635 1458 1681; x_wconf 75' lang='lat' dir='ltr'>sancta2.»</span> 
     </span>
     <span class='ocr_line' id='line_1_15' title="bbox 86 1701 1454 1766; baseline 0.001 -17"><span class='ocrx_word' id='word_1_100' title='bbox 86 1704 330 1766; x_wconf 65' lang='lat' dir='ltr'>Martyrum</span> <span class='ocrx_word' id='word_1_101' title='bbox 365 1719 446 1747; x_wconf 83' lang='lat' dir='ltr'>vox</span> <span class='ocrx_word' id='word_1_102' title='bbox 481 1712 557 1748; x_wconf 88' lang='lat' dir='ltr'>est.</span> <span class='ocrx_word' id='word_1_103' title='bbox 589 1701 698 1758; x_wconf 84' lang='lat' dir='ltr'>Quis</span> <span class='ocrx_word' id='word_1_104' title='bbox 738 1702 894 1747; x_wconf 77' lang='lat' dir='ltr'>audeat</span> <span class='ocrx_word' id='word_1_105' title='bbox 919 1702 1061 1748; x_wconf 81' lang='lat' dir='ltr'>dicere</span> <span class='ocrx_word' id='word_1_106' title='bbox 1089 1721 1098 1745; x_wconf 94' lang='lat'><strong>:</strong></span> <span class='ocrx_word' id='word_1_107' title='bbox 1135 1724 1154 1742; x_wconf 89' lang='lat'>«</span> <span class='ocrx_word' id='word_1_108' title='bbox 1184 1702 1342 1748; x_wconf 64' lang='lat' dir='ltr'>«ludica</span> <span class='ocrx_word' id='word_1_109' title='bbox 1371 1722 1454 1761; x_wconf 77' lang='lat' dir='ltr'>me,</span> 
     </span>
     <span class='ocr_line' id='line_1_16' title="bbox 85 1772 1460 1835; baseline 0.003 -19"><span class='ocrx_word' id='word_1_110' title='bbox 85 1796 106 1816; x_wconf 86' lang='lat'>»</span> <span class='ocrx_word' id='word_1_111' title='bbox 130 1775 268 1827; x_wconf 74' lang='lat' dir='ltr'>Deus,</span> <span class='ocrx_word' id='word_1_112' title='bbox 297 1793 317 1812; x_wconf 90' lang='lat'>»</span> <span class='ocrx_word' id='word_1_113' title='bbox 345 1772 426 1817; x_wconf 88' lang='lat' dir='ltr'>nisi</span> <span class='ocrx_word' id='word_1_114' title='bbox 456 1772 532 1835; x_wconf 91' lang='lat' dir='ltr'>qui</span> <span class='ocrx_word' id='word_1_115' title='bbox 568 1772 702 1817; x_wconf 79' lang='lat' dir='ltr'>habet</span> <span class='ocrx_word' id='word_1_116' title='bbox 739 1773 951 1833; x_wconf 85' lang='lat' dir='ltr'>optimam</span> <span class='ocrx_word' id='word_1_117' title='bbox 991 1775 1197 1817; x_wconf 76' lang='lat' dir='ltr'>causam‘)</span> <span class='ocrx_word' id='word_1_118' title='bbox 1232 1773 1460 1820; x_wconf 83' lang='lat' dir='ltr'>Promissis</span> 
     </span>
     <span class='ocr_line' id='line_1_17' title="bbox 84 1840 1460 1907; baseline 0.001 -17"><span class='ocrx_word' id='word_1_119' title='bbox 84 1855 125 1890; x_wconf 86' lang='lat' dir='ltr'>et</span> <span class='ocrx_word' id='word_1_120' title='bbox 146 1843 271 1889; x_wconf 83' lang='lat' dir='ltr'>minis</span> <span class='ocrx_word' id='word_1_121' title='bbox 292 1852 477 1888; x_wconf 78' lang='lat' dir='ltr'>tentatur</span> <span class='ocrx_word' id='word_1_122' title='bbox 509 1842 676 1897; x_wconf 78' lang='lat' dir='ltr'>anima,</span> <span class='ocrx_word' id='word_1_123' title='bbox 706 1841 924 1886; x_wconf 79' lang='lat' dir='ltr'>mulcetur</span> <span class='ocrx_word' id='word_1_124' title='bbox 955 1840 1194 1898; x_wconf 83' lang='lat' dir='ltr'>illecebris,</span> <span class='ocrx_word' id='word_1_125' title='bbox 1234 1853 1460 1907; x_wconf 75' lang='lat' dir='ltr'>torquetur</span> 
     </span>
     <span class='ocr_line' id='line_1_18' title="bbox 84 1911 1458 1974; baseline 0 -14"><span class='ocrx_word' id='word_1_126' title='bbox 84 1914 307 1960; x_wconf 87' lang='lat' dir='ltr'>doloribus</span> <span class='ocrx_word' id='word_1_127' title='bbox 343 1929 352 1956; x_wconf 95' lang='lat'><strong>:</strong></span> <span class='ocrx_word' id='word_1_128' title='bbox 393 1912 538 1957; x_wconf 84' lang='lat' dir='ltr'>onmia</span> <span class='ocrx_word' id='word_1_129' title='bbox 570 1929 650 1974; x_wconf 86' lang='lat' dir='ltr'>pro</span> <span class='ocrx_word' id='word_1_130' title='bbox 683 1911 860 1958; x_wconf 83' lang='lat' dir='ltr'>Christo</span> <span class='ocrx_word' id='word_1_131' title='bbox 903 1913 1016 1957; x_wconf 74' lang='lat' dir='ltr'>victa</span> <span class='ocrx_word' id='word_1_132' title='bbox 1054 1923 1155 1957; x_wconf 84' lang='lat' dir='ltr'>sunt</span> <span class='ocrx_word' id='word_1_133' title='bbox 1195 1913 1250 1958; x_wconf 84' lang='lat' dir='ltr'>ab</span> <span class='ocrx_word' id='word_1_134' title='bbox 1286 1915 1458 1962; x_wconf 72' lang='lat' dir='ltr'>invictis</span> 
     </span>
     <span class='ocr_line' id='line_1_19' title="bbox 83 1981 1457 2046; baseline 0.001 -17"><span class='ocrx_word' id='word_1_135' title='bbox 83 1982 368 2046; x_wconf 68' lang='lat' dir='ltr'>Martyribus.</span> <span class='ocrx_word' id='word_1_136' title='bbox 415 1981 563 2026; x_wconf 76' lang='lat' dir='ltr'>Victus</span> <span class='ocrx_word' id='word_1_137' title='bbox 594 1992 654 2026; x_wconf 85' lang='lat' dir='ltr'>est</span> <span class='ocrx_word' id='word_1_138' title='bbox 693 1981 947 2044; x_wconf 82' lang='lat' dir='ltr'>promittens</span> <span class='ocrx_word' id='word_1_139' title='bbox 984 1982 1195 2037; x_wconf 84' lang='lat' dir='ltr'>muudus,</span> <span class='ocrx_word' id='word_1_140' title='bbox 1226 1985 1367 2029; x_wconf 81' lang='lat' dir='ltr'>vietus</span> <span class='ocrx_word' id='word_1_141' title='bbox 1395 1996 1457 2031; x_wconf 82' lang='lat' dir='ltr'>est</span> 
     </span>
     <span class='ocr_line' id='line_1_20' title="bbox 82 2050 1457 2115; baseline 0 -15"><span class='ocrx_word' id='word_1_142' title='bbox 82 2053 260 2100; x_wconf 74' lang='lat' dir='ltr'>saeviens</span> <span class='ocrx_word' id='word_1_143' title='bbox 286 2050 486 2098; x_wconf 83' lang='lat' dir='ltr'>mundus.</span> <span class='ocrx_word' id='word_1_144' title='bbox 518 2052 616 2097; x_wconf 81' lang='lat' dir='ltr'>Non</span> <span class='ocrx_word' id='word_1_145' title='bbox 638 2051 775 2097; x_wconf 86' lang='lat' dir='ltr'>tenuit</span> <span class='ocrx_word' id='word_1_146' title='bbox 801 2051 1028 2115; x_wconf 80' lang='lat' dir='ltr'>voluptas,</span> <span class='ocrx_word' id='word_1_147' title='bbox 1058 2070 1144 2098; x_wconf 85' lang='lat' dir='ltr'>non</span> <span class='ocrx_word' id='word_1_148' title='bbox 1170 2054 1321 2100; x_wconf 82' lang='lat' dir='ltr'>terruit</span> <span class='ocrx_word' id='word_1_149' title='bbox 1352 2072 1457 2101; x_wconf 82' lang='lat' dir='ltr'>eru-</span> 
     </span>
     <span class='ocr_line' id='line_1_21' title="bbox 82 2122 1453 2185; baseline 0.001 -15"><span class='ocrx_word' id='word_1_150' title='bbox 82 2125 232 2170; x_wconf 79' lang='lat' dir='ltr'>ciatus.</span> <span class='ocrx_word' id='word_1_151' title='bbox 270 2124 434 2168; x_wconf 85' lang='lat' dir='ltr'>Aurum</span> <span class='ocrx_word' id='word_1_152' title='bbox 453 2123 498 2168; x_wconf 88' lang='lat' dir='ltr'>in</span> <span class='ocrx_word' id='word_1_153' title='bbox 516 2122 690 2167; x_wconf 83' lang='lat' dir='ltr'>fornace</span> <span class='ocrx_word' id='word_1_154' title='bbox 713 2132 948 2185; x_wconf 80' lang='lat' dir='ltr'>purgatum</span> <span class='ocrx_word' id='word_1_155' title='bbox 970 2122 1111 2181; x_wconf 85' lang='lat' dir='ltr'>ignem</span> <span class='ocrx_word' id='word_1_156' title='bbox 1137 2123 1348 2182; x_wconf 82' lang='lat' dir='ltr'>gehennae</span> <span class='ocrx_word' id='word_1_157' title='bbox 1369 2143 1453 2172; x_wconf 87' lang='lat' dir='ltr'>non</span> 
     </span>
     <span class='ocr_line' id='line_1_22' title="bbox 82 2192 1454 2256; baseline 0.001 -16"><span class='ocrx_word' id='word_1_158' title='bbox 82 2195 216 2240; x_wconf 85' lang='lat' dir='ltr'>timet.</span> <span class='ocrx_word' id='word_1_159' title='bbox 247 2193 350 2240; x_wconf 88' lang='lat' dir='ltr'>Ideo</span> <span class='ocrx_word' id='word_1_160' title='bbox 371 2204 575 2256; x_wconf 76' lang='lat' dir='ltr'>tanquam</span> <span class='ocrx_word' id='word_1_161' title='bbox 600 2203 809 2255; x_wconf 81' lang='lat' dir='ltr'>purgatus</span> <span class='ocrx_word' id='word_1_162' title='bbox 828 2193 922 2252; x_wconf 84' lang='lat' dir='ltr'>igne</span> <span class='ocrx_word' id='word_1_163' title='bbox 949 2192 1241 2238; x_wconf 85' lang='lat' dir='ltr'>tribulationis</span> <span class='ocrx_word' id='word_1_164' title='bbox 1261 2194 1454 2242; x_wconf 78' lang='lat' dir='ltr'>beatissi-</span> 
     </span>
     <span class='ocr_line' id='line_1_23' title="bbox 84 2262 1454 2328; baseline 0 -16"><span class='ocrx_word' id='word_1_165' title='bbox 84 2283 176 2312; x_wconf 86' lang='lat' dir='ltr'>mus</span> <span class='ocrx_word' id='word_1_166' title='bbox 197 2266 362 2327; x_wconf 70' lang='lat' dir='ltr'>Man-tyr</span> <span class='ocrx_word' id='word_1_167' title='bbox 373 2280 547 2309; x_wconf 88' lang='lat' dir='ltr'>securus</span> <span class='ocrx_word' id='word_1_168' title='bbox 563 2262 699 2309; x_wconf 85' lang='lat' dir='ltr'>dicit:</span> <span class='ocrx_word' id='word_1_169' title='bbox 724 2285 743 2304; x_wconf 90' lang='lat'>«</span> <span class='ocrx_word' id='word_1_170' title='bbox 760 2263 917 2309; x_wconf 79' lang='lat' dir='ltr'>Judiea</span> <span class='ocrx_word' id='word_1_171' title='bbox 933 2280 1016 2317; x_wconf 82' lang='lat' dir='ltr'>me,</span> <span class='ocrx_word' id='word_1_172' title='bbox 1039 2264 1165 2310; x_wconf 82' lang='lat' dir='ltr'>Deus.</span> <span class='ocrx_word' id='word_1_173' title='bbox 1187 2286 1207 2305; x_wconf 86' lang='lat'>»</span> <span class='ocrx_word' id='word_1_174' title='bbox 1223 2264 1454 2328; x_wconf 78' lang='lat' dir='ltr'>Quidquid</span> 
     </span>
     <span class='ocr_line' id='line_1_24' title="bbox 81 2333 1454 2397; baseline 0 -16"><span class='ocrx_word' id='word_1_175' title='bbox 81 2337 124 2382; x_wconf 86' lang='lat' dir='ltr'>in</span> <span class='ocrx_word' id='word_1_176' title='bbox 151 2352 217 2381; x_wconf 85' lang='lat' dir='ltr'>me</span> <span class='ocrx_word' id='word_1_177' title='bbox 240 2334 452 2380; x_wconf 65' lang='lat' dir='ltr'>inveneris</span> <span class='ocrx_word' id='word_1_178' title='bbox 474 2334 640 2379; x_wconf 78' lang='lat' dir='ltr'>bonum</span> <span class='ocrx_word' id='word_1_179' title='bbox 660 2371 671 2389; x_wconf 85' lang='lat'>‚</span> <span class='ocrx_word' id='word_1_180' title='bbox 693 2334 858 2394; x_wconf 78' lang='lat' dir='ltr'>judica.</span> <span class='ocrx_word' id='word_1_181' title='bbox 896 2333 1075 2379; x_wconf 75' lang='lat' dir='ltr'>Donasti</span> <span class='ocrx_word' id='word_1_182' title='bbox 1100 2334 1207 2379; x_wconf 78' lang='lat' dir='ltr'>mihi</span> <span class='ocrx_word' id='word_1_183' title='bbox 1232 2335 1351 2397; x_wconf 87' lang='lat' dir='ltr'>quod</span> <span class='ocrx_word' id='word_1_184' title='bbox 1373 2336 1454 2381; x_wconf 77' lang='lat' dir='ltr'>tibi</span> 
     </span>
     <span class='ocr_line' id='line_1_25' title="bbox 80 2405 1452 2470; baseline -0.001 -18"><span class='ocrx_word' id='word_1_185' title='bbox 80 2407 274 2470; x_wconf 81' lang='lat' dir='ltr'>placeat;</span> <span class='ocrx_word' id='word_1_186' title='bbox 301 2405 441 2451; x_wconf 83' lang='lat' dir='ltr'>iuveni</span> <span class='ocrx_word' id='word_1_187' title='bbox 466 2405 509 2450; x_wconf 89' lang='lat' dir='ltr'>in</span> <span class='ocrx_word' id='word_1_188' title='bbox 535 2422 625 2461; x_wconf 83' lang='lat' dir='ltr'>me,</span> <span class='ocrx_word' id='word_1_189' title='bbox 658 2405 860 2465; x_wconf 77' lang='lat' dir='ltr'>etjudica</span> <span class='ocrx_word' id='word_1_190' title='bbox 881 2422 962 2452; x_wconf 78' lang='lat' dir='ltr'>nte.</span> <span class='ocrx_word' id='word_1_191' title='bbox 996 2406 1091 2449; x_wconf 64' lang='lat' dir='ltr'>Non</span> <span class='ocrx_word' id='word_1_192' title='bbox 1117 2405 1452 2450; x_wconf 72' lang='lat' dir='ltr'>111ctvuuitdul-</span> 
     </span>
     <span class='ocr_line' id='line_1_26' title="bbox 81 2473 1444 2538; baseline 0 -16"><span class='ocrx_word' id='word_1_193' title='bbox 81 2475 188 2522; x_wconf 88' lang='lat' dir='ltr'>cedo</span> <span class='ocrx_word' id='word_1_194' title='bbox 215 2473 386 2530; x_wconf 68' lang='lat' dir='ltr'>saeculi,</span> <span class='ocrx_word' id='word_1_195' title='bbox 425 2493 510 2520; x_wconf 85' lang='lat' dir='ltr'>non</span> <span class='ocrx_word' id='word_1_196' title='bbox 549 2493 616 2520; x_wconf 82' lang='lat' dir='ltr'>me</span> <span class='ocrx_word' id='word_1_197' title='bbox 641 2494 662 2520; x_wconf 78' lang='lat' dir='ltr'>a</span> <span class='ocrx_word' id='word_1_198' title='bbox 693 2486 731 2521; x_wconf 84' lang='lat' dir='ltr'>te</span> <span class='ocrx_word' id='word_1_199' title='bbox 763 2475 992 2538; x_wconf 79' lang='lat' dir='ltr'>detorquet</span> <span class='ocrx_word' id='word_1_200' title='bbox 1029 2474 1250 2520; x_wconf 81' lang='lat' dir='ltr'>tribulatio</span> <span class='ocrx_word' id='word_1_201' title='bbox 1283 2475 1444 2522; x_wconf 44' lang='lat' dir='ltr'>stt-cuti.</span> 
     </span>
     <span class='ocr_line' id='line_1_27' title="bbox 81 2544 1451 2613; baseline 0.001 -24"><span class='ocrx_word' id='word_1_202' title='bbox 81 2545 278 2592; x_wconf 72' lang='lat' dir='ltr'>«Judica</span> <span class='ocrx_word' id='word_1_203' title='bbox 309 2562 398 2601; x_wconf 79' lang='lat' dir='ltr'>me,</span> <span class='ocrx_word' id='word_1_204' title='bbox 436 2556 479 2590; x_wconf 85' lang='lat' dir='ltr'>et</span> <span class='ocrx_word' id='word_1_205' title='bbox 517 2545 709 2592; x_wconf 70' lang='lat' dir='ltr'>discerne</span> <span class='ocrx_word' id='word_1_206' title='bbox 747 2563 921 2594; x_wconf 64' lang='lat' dir='ltr'>musam</span> <span class='ocrx_word' id='word_1_207' title='bbox 953 2564 1090 2593; x_wconf 75' lang='lat' dir='ltr'>meam</span> <span class='ocrx_word' id='word_1_208' title='bbox 1119 2544 1178 2613; x_wconf 80' lang='lat' dir='ltr'>de</span> <span class='ocrx_word' id='word_1_209' title='bbox 1209 2556 1331 2606; x_wconf 82' lang='lat' dir='ltr'>gente</span> <span class='ocrx_word' id='word_1_210' title='bbox 1366 2563 1451 2593; x_wconf 83' lang='lat' dir='ltr'>non</span> 
     </span>
    </p>
   </div>
   <div class='ocr_carea' id='block_1_7' title="bbox 131 2634 984 2679">
    <p class='ocr_par' dir='ltr' id='par_1_7' title="bbox 131 2634 984 2679">
     <span class='ocr_line' id='line_1_28' title="bbox 131 2634 984 2679; baseline 0.004 -14"><span class='ocrx_word' id='word_1_211' title='bbox 131 2634 139 2658; x_wconf 85' lang='lat'><strong>¹</strong></span> <span class='ocrx_word' id='word_1_212' title='bbox 163 2634 248 2666; x_wconf 74' lang='lat' dir='ltr'>Alius</span> <span class='ocrx_word' id='word_1_213' title='bbox 270 2646 322 2674; x_wconf 66' lang='grc' dir='ltr'>η,</span> <span class='ocrx_word' id='word_1_214' title='bbox 341 2645 378 2666; x_wconf 59' lang='grc' dir='ltr'>*Α</span> <span class='ocrx_word' id='word_1_215' title='bbox 397 2634 636 2670; x_wconf 51' lang='lat' dir='ltr'>siu-«nondinae.</span> <span class='ocrx_word' id='word_1_216' title='bbox 655 2653 694 2660; x_wconf 88' lang='lat'>—-</span> <span class='ocrx_word' id='word_1_217' title='bbox 713 2635 728 2657; x_wconf 71' lang='lat'>&#39;²</span> <span class='ocrx_word' id='word_1_218' title='bbox 746 2635 824 2670; x_wconf 68' lang='lat' dir='ltr'>Psal.</span> <span class='ocrx_word' id='word_1_219' title='bbox 852 2646 936 2679; x_wconf 57' lang='lat' dir='ltr'>xuni,</span> <span class='ocrx_word' id='word_1_220' title='bbox 959 2647 984 2668; x_wconf 78' lang='grc' dir='ltr'>ι.</span> 
     </span>
    </p>
   </div>
  </div>
 </body>
</html>
