1942 3272
463 301 557 364 39⁴2
888 318 923 350 s.
967 316 1215 350 anensium
1250 317 1453 352 Emscom

463 383 589 431 vobis
620 382 719 431 haec
743 382 921 431 ecelesia
942 402 952 430 z
972 383 1045 430 sed
1075 400 1151 431 vos
1173 386 1310 446 magis
1332 388 1430 434 estis
1464 387 1672 437 Ecclesia.
1712 390 1842 439 Facta

463 465 528 501 est
550 454 694 512 vobiS,
720 472 809 520 quo
832 472 1017 520 corpora
1047 466 1188 503 vestra
1209 456 1371 504 intrent
1388 458 1487 504 :sed
1510 471 1673 507 mentes
1690 473 1844 508 vestrae

461 525 625 573 debent
647 544 750 585 esse,
778 544 865 591 quo
890 528 1005 573 Deus
1021 527 1166 575 intret.
1198 528 1452 576 Honorastis
1473 531 1730 596 episcopum
1751 550 1843 581 ves-

461 609 597 657 trum,
621 609 671 646 ut
688 599 806 646 hanc
827 598 1055 646 basilicam
1080 599 1343 647 Florentiam
1365 619 1519 649 vocare
1547 602 1735 660 velletis;
1767 605 1843 651 sed

463 670 680 718 Florentia
702 674 794 732 ejus
824 687 900 719 vos
929 670 1040 718 estis.
1073 671 1185 716 Nam
1214 671 1275 717 sic
1302 671 1412 718 dicit
1435 672 1667 737 Apostolus
1688 692 1699 720 ε
1718 675 1844 721 Gau-

461 761 484 784 »
503 740 627 789 dium
648 752 691 789 et
713 759 874 789 corona
896 758 991 788 mea
1014 758 1090 788 vos
1114 741 1212 788 estis
1234 741 1280 788 in
1307 742 1496 789 Domino
1510 742 1543 791 4.
1572 766 1593 786 »
1613 744 1844 809 Quidquid

460 823 525 860 est
550 813 597 860 in
620 813 798 871 saeculo,
825 813 1035 870 vanescit,
1069 813 1237 860 transit.
1278 812 1376 860 Vita
1399 814 1478 860 ista
1509 815 1616 878 quid
1648 825 1727 873 est,
1761 816 1844 862 nisi

458 883 582 948 quod
611 884 810 931 Psalmus
831 883 970 931 dixit?
990 905 1010 925 «
1034 884 1161 929 Mane
1190 883 1304 929 sicut
1326 883 1466 930 herba
1495 885 1689 944 transiet,
1717 903 1844 932 mane

461 974 485 999 υ
504 954 646 1002 floriet
668 966 710 1001 et
734 956 1173 1020 praeterietevespere
1206 953 1403 1012 decidet,
1438 955 1628 1002 durescit
1657 967 1699 1003 et
1727 974 1844 1003 ares-

461 1045 484 1067 »
502 1024 606 1072 cit2.
631 1046 653 1067 »
673 1025 772 1071 Hoc
793 1034 855 1070 est
879 1023 1020 1070 omnis
1053 1041 1168 1071 caro.
1206 1023 1312 1069 Ideo
1340 1023 1566 1081 Christus,
1605 1026 1702 1072 ideo
1731 1044 1844 1074 nova

457 1095 565 1152 vita,
588 1094 687 1140 ideo
706 1111 803 1159 spes
821 1105 1000 1150 aeterna,
1020 1092 1117 1139 ideo
1137 1093 1376 1140 consolatio
1392 1094 1732 1143 immortalitatis
1744 1115 1845 1160 pro-

461 1166 606 1224 missa,
636 1176 678 1211 et
710 1165 756 1211 in
788 1164 966 1211 Domini
1003 1182 1131 1210 carne
1160 1168 1253 1225 jam
1287 1164 1470 1213 reddita.
1503 1166 1539 1211 A
1566 1166 1693 1212 nobis
1728 1167 1842 1212 enim

463 1247 684 1300 assumpta
710 1247 772 1282 est
793 1236 868 1282 illa
891 1253 1010 1292 caro,
1035 1253 1136 1299 quae
1153 1239 1245 1296 jam
1265 1236 1521 1282 immortalis
1546 1248 1625 1293 est,
1653 1248 1695 1283 et
1718 1238 1843 1283 nobis

463 1307 583 1371 quod
602 1307 648 1353 in
672 1324 714 1354 se
739 1307 955 1372 implevit,
983 1306 1184 1355 ostendit.
1216 1307 1403 1371 Propter
1427 1325 1504 1353 nos
1527 1308 1642 1354 enim
1669 1325 1841 1354 carnem

461 1378 636 1425 habuit.
671 1378 783 1424 Nam
809 1388 991 1442 propter
1010 1395 1069 1432 se,
1088 1398 1108 1419 «
1124 1378 1175 1422 ln
1195 1378 1416 1441 principio
1437 1389 1528 1424 erat
1551 1378 1743 1425 Verbum
1763 1416 1774 1435 ,
1801 1389 1842 1425 et

463 1470 486 1492 2>
505 1448 700 1497 Verbum
733 1459 824 1495 erat
855 1449 975 1513 apud
1011 1450 1179 1505 Deum,
1216 1459 1257 1494 e't
1288 1450 1404 1494 Deus
1435 1460 1524 1495 erat
1551 1448 1744 1496 Verbum
1756 1450 1789 1497 3.
1821 1471 1842 1492 »

464 1520 625 1577 Quaere
650 1536 824 1565 carnem
852 1530 893 1565 et
916 1518 1291 1580 sanguiuemtubi
1319 1519 1365 1565 in
1394 1519 1566 1566 Verbo?
1599 1520 1714 1577 Quia
1745 1537 1842 1567 vere

462 1590 592 1638 nobis
620 1591 813 1655 compati
843 1590 998 1647 voluit,
1032 1601 1074 1635 et
1107 1607 1186 1636 nos
1207 1589 1433 1648 redimere,
1463 1590 1609 1636 induit
1637 1608 1679 1636 se
1703 1590 1842 1637 forma

461 1662 591 1719 servi,
622 1672 665 1709 et
696 1661 919 1708 descendit
950 1662 1026 1726 qui
1055 1661 1130 1707 hic
1165 1672 1272 1718 erat,
1307 1672 1355 1707 ut
1384 1672 1611 1726 appareret
1645 1662 1720 1726 qui
1753 1678 1842 1708 non

464 1734 640 1788 aberat3
666 1743 709 1779 et
726 1732 866 1780 voluit
883 1733 975 1778 fieri
993 1733 1127 1778 homo
1144 1732 1220 1796 qui
1245 1731 1347 1778 fecit
1363 1732 1605 1789 hominem,
1630 1732 1764 1778 creari
1789 1731 1842 1777 de

462 1815 618 1862 matre,
645 1805 722 1868 qui
751 1803 914 1850 creavit
942 1814 1139 1850 matrem.
1173 1801 1379 1849 Ascendit
1406 1819 1542 1866 usque
1570 1803 1615 1849 in
1647 1819 1838 1859 crucem,

460 1885 658 1922 mortuus
678 1884 757 1931 est,
783 1884 826 1919 et
849 1873 1036 1920 ostendit
1058 1872 1185 1918 nobis
1217 1872 1336 1936 quod
1359 1890 1632 1930 noveramus,
1659 1873 1777 1919 nasci
1801 1881 1843 1917 et

460 1946 588 1997 mori.
621 1945 828 2010 Implevit
852 1945 897 1991 in
917 1962 959 1991 se
975 1944 1156 1991 humilis
1181 1944 1281 1990 haec
1298 1955 1443 1991 vetera
1459 1955 1600 1990 nostra
1624 1944 1781 1990 usitata
1800 1954 1842 1989 et

460 2029 578 2066 nota.
610 2017 741 2064 Nasci
764 2027 807 2062 et
830 2016 943 2062 mori
966 2031 1246 2063 noveramus:
1262 2031 1479 2075 resurgere
1502 2026 1544 2060 et
1564 2015 1610 2061 in
1631 2026 1840 2061 aeternum

460 2090 604 2138 vivere
635 2106 725 2135 non
757 2104 1029 2135 noveramus.
1063 2087 1162 2132 Duo
1190 2103 1289 2147 ergo
1320 2098 1465 2133 nostra
1498 2097 1641 2133 vetera
1663 2087 1842 2132 humilis

463 2160 695 2225 assumpsit
714 2158 835 2205 t'duo
854 2158 936 2205 alia
954 2175 1110 2218 magna
1125 2168 1166 2203 et
1178 2174 1290 2204 nova
1309 2157 1495 2204 excelsus
1509 2158 1724 2221 implevit.
1748 2159 1841 2204 Re-

457 2230 683 2278 suscitavit
710 2246 903 2285 carnem,
938 2228 1098 2276 levavit
1126 2228 1170 2273 in
1203 2227 1365 2273 coelum
1402 2245 1574 2274 carnem
1594 2266 1604 2286 ,
1639 2228 1755 2274 sedet
1786 2228 1841 2274 ad

460 2301 677 2348 dexteram
710 2300 866 2346 Patris.
903 2299 1051 2362 Caput
1073 2308 1269 2344 nostrum
1294 2315 1380 2343 esse
1407 2298 1572 2355 voluit,
1600 2309 1734 2363 caput
1759 2316 1840 2362 pro

458 2371 667 2419 membris
689 2370 893 2417 clamavit
911 2388 921 2415 ε
941 2370 1044 2433 quia
1068 2380 1109 2415 et
1131 2386 1231 2415 cum
1249 2369 1324 2414 hic
1348 2380 1478 2425 esset,
1500 2368 1630 2425 dixit,
1652 2390 1672 2410 «
1691 2370 1836 2424 Pater,

463 2465 485 2487 ι)
506 2443 605 2490 volo
628 2453 676 2489 ut
699 2441 778 2488 ubi
804 2458 881 2501 ego
900 2457 992 2486 sum
1013 2478 1023 2491 ,
1051 2440 1113 2486 ibi
1138 2440 1222 2486 sint
1247 2451 1289 2485 et
1310 2440 1380 2485 isti
1403 2456 1573 2484 mecum
1585 2438 1618 2486 4.
1646 2460 1666 2481 »
1689 2439 1840 2503 Spere-

459 2531 555 2561 mus
578 2513 666 2559 hoc
686 2522 728 2558 et
755 2511 809 2558 de
829 2528 958 2558 carne
988 2521 1150 2560 nostra.
1179 2509 1565 2567 resuscitationem,
1592 2521 1839 2555 commuta-

509 2614 520 2636 ¹
560 2613 678 2657 Philip,
714 2625 760 2653 ιν,
790 2623 819 2647 1.
850 2629 895 2636 —-
925 2610 941 2634 2
967 2611 1048 2646 PsaL
1078 2622 1159 2651 vm,
1201 2613 1235 2643 6.
1270 2630 1314 2636 -
1350 2609 1365 2634 3
1398 2614 1492 2646 Joan.
1530 2623 1541 2643 1
1563 2636 1572 2653 ‚
1607 2622 1633 2643 1.
1658 2628 1703 2634 -
1738 2608 1752 2633 4
1787 2611 1835 2645 Id.

460 2679 554 2711 xvir,
586 2673 641 2705 ⁸24.
