1942 3272
358 285 455 350 518
870 296 1231 343 ΑΝΝοΤΑΤιοΝΕε.

354 344 459 412 olim
480 374 701 429 receptam
721 362 850 410 fuisse
873 374 1087 410 testantur
1104 363 1382 427 antiquorum
1401 364 1584 412 Patrum
1597 364 1740 412 homi-

358 435 429 482 liae
449 435 502 482 de
517 435 592 482 illa
607 452 742 499 quam
754 434 919 502 plureS‚
937 451 1039 481 cum
1056 435 1330 493 Graecorum,
1349 446 1447 482 tum
1462 436 1734 484 Latinorum.

732 612 994 644 ΑΝΝοΤΑΤΙο
1035 595 1106 660 (3)
1142 612 1242 660 pag.
1287 596 1363 652 64.

370 781 374 788 .
426 743 559 804 Quid
578 753 622 788 et
638 752 754 805 post
775 752 992 799 mortem,
1012 751 1095 789 etc.
1117 740 1318 787 Hominis
1341 739 1522 801 alicujus
1544 741 1654 788 male
1689 743 1743 789 de

354 813 523 879 populo
538 812 683 859 meriti
703 811 869 858 caedem
881 812 1181 875 conqueritur,
1199 829 1289 858 non
1302 810 1495 872 legitima
1511 823 1740 875 potestate,

355 884 432 931 sed
455 883 611 948 populi
628 883 772 929 furore
795 882 977 939 factam,
1006 898 1108 928 cum
1128 881 1280 929 insana
1300 881 1540 929 furentium
1571 883 1617 929 in
1643 883 1745 930 caesi

357 954 543 1001 cadaver
563 953 834 1000 crudelitate.

735 1116 997 1149 ANNOTATIo
1037 1101 1109 1166 (4)
1144 1118 1245 1167 pag.
1288 1102 1365 1150 81.

424 1248 636 1294 Recenset
648 1244 902 1292 Possidius
890 1264 936 1292 m
955 1245 1157 1292 Indiculo
1165 1263 1288 1311 ,cap.
1309 1264 1354 1312 9.
1373 1246 1528 1294 Massae
1545 1247 1749 1296 candidae

360 1316 645 1366 solemnitas
633 1335 680 1363 m
707 1315 1041 1394 Carthaginensi
1065 1284 1329 1363 Kale’ndario
1349 1327 1538 1365 notatur.
1572 1299 1749 1383 Marty-

360 1406 461 1436 rum
479 1387 733 1434 eorumdem
751 1387 995 1450 passionem
1014 1386 1236 1433 celebrant
1248 1386 1559 1451 martyrologia
1575 1387 1645 1434 die
1666 1391 1743 1446 24.

365 1458 568 1519 Augusti,
598 1473 780 1520 eamque
810 1456 1022 1502 nonnulla
1046 1473 1098 1502 ex
1120 1456 1173 1502 iis
1195 1468 1539 1504 consummatam
1564 1457 1751 1506 Cartha-

366 1528 464 1591 gine
494 1526 769 1587 significant:
791 1525 952 1589 quibus
983 1525 1099 1572 favet
1130 1525 1434 1573 Prudentius
1422 1545 1470 1572 1n
1499 1521 1747 1603 Peristeph.

364 1599 534 1663 hymno
580 1597 649 1643 13.
694 1597 751 1643 At
784 1596 900 1660 ipsos
939 1596 1207 1656 Augustinus
1244 1596 1380 1654 infra,
1424 1596 1565 1644 Serm.
1601 1615 1748 1656 cccxr,

368 1686 467 1733 cap.
511 1683 585 1724 10,
616 1665 809 1732 appellat
849 1666 1113 1713 [siccensem
1144 1670 1361 1713 Massam
1393 1663 1667 1714 candcdam.
1697 1669 1754 1718 Et

362 1739 411 1787 in
445 1736 610 1784 Psalmi
641 1754 772 1784 cxmv
795 1736 1085 1795 enarratione,
1115 1729 1370 1784 Sermonem
1395 1737 1572 1784 Uticae
1560 1733 1606 1784 ni
1628 1737 1753 1785 basi-

364 1809 452 1857 lica
476 1809 628 1855 Massae
650 1806 855 1854 candidae
873 1807 1062 1854 habuit.
1051 1806 1194 1854 ·unde
1215 1825 1380 1871 n.17,
1412 1807 1622 1880 dicebat·
1639 1808 1752 1875 Ad-

364 1891 562 1928 moneat
582 1891 626 1926 te
643 1883 814 1925 [Massa
834 1879 1013 1925 reddi'tc
1028 1878 1177 1926 debzti
1192 1883 1299 1926 mei.

760 2038 1018 2071 ANNOTATIO
1054 2024 1126 2087 (5)
1159 2040 1261 2088 pag.
1301 2039 1378 2087 90.

429 2178 545 2221 Cum
574 2173 663 2219 hoc
694 2171 824 2219 titulo
847 2171 924 2219 hic
951 2182 995 2218 et
1019 2171 1125 2219 alter
1156 2170 1307 2218 Sermo
1331 2170 1416 2218 fuit
1448 2170 1553 2217 olim
1575 2188 1601 2218 a
1626 2170 1756 2218 Pari-

364 2245 577 2291 siensibus
605 2242 748 2288 editus
779 2260 827 2288 ex
861 2241 1051 2305 antiquis
1079 2239 1378 2306 LectionariiS.
1422 2240 1511 2286 Sed
1538 2258 1627 2288 non
1653 2241 1757 2301 inde

362 2324 531 2361 constat
555 2313 611 2358 ab
648 2313 888 2372 Augustino
922 2312 1097 2357 habitos
1132 2312 1179 2357 in
1209 2329 1258 2357 ea
1289 2310 1520 2357 festivitate
1546 2329 1557 2356 ε
1586 2312 1757 2358 tametsi

363 2386 463 2430 haec
493 2384 587 2446 ipsa
612 2381 820 2427 festivitas
848 2383 892 2426 in
924 2381 1259 2441 Carthaginensi
1277 2380 1541 2426 Kalendario
1560 2379 1756 2426 celebre-

367 2467 457 2511 tur,
477 2471 566 2499 non
586 2452 764 2516 quidem
788 2468 861 2515 29.
888 2452 1087 2511 Augusti,
1111 2462 1160 2498 ut
1180 2449 1398 2515 plerisque
1415 2450 1751 2513 martyrologiis,

370 2526 446 2572 sed
470 2541 545 2588 27.
575 2522 846 2580 Decembris,
868 2521 937 2568 his
959 2522 1121 2579 verbis,
1145 2538 1203 2568 v1.
1233 2520 1435 2567 Kalend.
1455 2525 1564 2566 Jcm.
1590 2524 1758 2567 Sancti

368 2597 571 2643 'Joamzz's
595 2597 838 2656 Baplc'scce,
864 2602 912 2638 ec
931 2592 1103 2639 Jaeoln'
1121 2591 1359 2656 Apostoli,
1377 2607 1521 2655 quem
1537 2591 1752 2638 Herodes
