1863 3246
281 343 426 377 sEmuo
462 343 635 385 cccmx,
673 343 730 375 DE
767 342 1043 385 conconmA,
1080 344 1174 378 Ere.
1336 331 1430 397 389

51 412 204 459 orbem
236 412 477 458 terrarum?
509 409 604 456 Hac
638 410 867 456 securitate
895 410 1130 457 constituta
1161 422 1203 458 et
1235 413 1424 472 firmata,

0 502 1 546 j
54 483 192 547 coepit
224 482 384 528 discuti
423 498 550 527 causa
587 481 826 532 Caecih'ani.
868 483 1075 527 Inventus
1111 493 1173 528 est
1200 483 1426 543 innocenS,

0 555 1 584 ³
51 555 250 601 inventus
290 564 351 600 est
388 571 413 599 a
447 552 784 598 calumniatibus
826 553 1059 616 appetitus.
1101 552 1242 599 Semel
1277 555 1430 602 absens

0 634 1 675 ἕ
49 625 281 672 damnatus
296 662 308 682 ,
342 641 531 689 praesens
559 633 621 669 ter
645 623 893 670 absolutus:
910 623 1142 670 damnatus
1165 642 1189 670 a
1211 625 1398 671 factione
1413 664 1426 684 ,

0 714 2 745 ε
50 695 274 742 absolutus
292 695 347 742 ab
372 693 675 740 Ecclesiastica
691 693 884 741 veritate.
914 696 1046 740 Lecta
1065 705 1165 741 sunt
1184 695 1301 752 haec,
1328 713 1430 761 pro-

0 796 3 812 ἰ
48 766 154 812 bata
175 776 276 812 sunt
306 765 418 812 haec.
451 764 697 822 Quaesitum
723 774 875 826 utrum
897 763 1112 810 haberent
1136 766 1255 830 quod
1279 778 1431 814 contra

50 836 256 884 dicerent.
278 835 564 900 Consumptis
586 834 791 882 omnibus
815 834 1239 895 tergiversationibus
1257 836 1431 884 calum-

0 915 2 953 ἰ
49 906 222 952 niarum
245 923 440 963 suarum,
469 916 544 954 aut
574 904 652 951 ubi
674 905 788 951 nihil
809 916 959 951 contra
984 906 1303 953 evidentissima
1322 925 1430 971 pro-

49 977 158 1024 ferre
177 978 457 1034 documenta,
474 994 555 1023 nec
573 986 726 1022 contra
742 977 878 1040 ipsius
897 977 1191 1025 innocentiam
1205 978 1432 1026 Caeciliani

49 1059 288 1112 potuerunt
305 1086 317 1106 ,
343 1048 514 1111 prolata
540 1047 748 1092 sententia
772 1059 835 1093 est
857 1048 1060 1094 adversus
1088 1065 1172 1096 eos.
1206 1051 1262 1094 Et
1287 1061 1433 1096 tamen

49 1119 135 1181 ipsi
156 1118 310 1164 dicunt
326 1155 337 1174 ,
373 1116 583 1164 Vicimus.
615 1116 804 1163 Vincant
818 1155 829 1173 ‚
856 1117 931 1164 sed
955 1135 996 1164 se
1011 1155 1023 1176 ,
1052 1129 1101 1165 ut
1123 1119 1342 1183 possideat
1363 1137 1433 1166 cos

53 1188 277 1242 Christus3
302 1188 452 1234 vincat
471 1204 540 1232 cos
564 1187 640 1250 qui
664 1187 848 1234 redemit
868 1205 952 1236 eos,

115 1258 214 1306 Vll.
258 1259 315 1304 Et
352 1268 498 1304 tamen
538 1256 591 1303 de
628 1258 778 1304 multis
815 1257 1067 1318 gaudemus.
1114 1259 1242 1306 Multi
1281 1277 1431 1307 eorum

50 1329 269 1375 fructuose
287 1327 396 1375 victi
414 1338 531 1385 sunt,
561 1328 663 1391 quia
686 1346 766 1374 nec
790 1329 895 1375 victi
914 1339 1028 1376 sunt.
1059 1330 1191 1375 Error
1214 1331 1432 1377 humanus

50 1400 194 1446 victus
217 1409 297 1456 est,
320 1398 456 1444 homo
483 1398 672 1445 salvatus
694 1410 770 1446 est.
799 1401 911 1445 Nam
932 1399 1127 1446 medicus
1147 1419 1234 1448 non
1257 1413 1434 1449 conten-

51 1469 118 1516 dit
135 1487 237 1516 cum
256 1480 445 1531 aegrot03
470 1480 512 1514 et
530 1470 563 1515 si
582 1480 768 1530 aegrotus
786 1469 891 1516 facit
915 1487 1014 1516 cum
1034 1471 1221 1529 medico,
1243 1474 1433 1520 vincitur

50 1540 206 1597 febris,
244 1551 287 1586 et
314 1550 490 1586 sanatur
516 1551 715 1600 aegrotus.
751 1541 863 1585 Nam
886 1540 973 1585 hoc
998 1541 1186 1587 intendit
1208 1543 1428 1599 medicus,

49 1612 222 1658 vincere
241 1629 252 1656 t
269 1611 355 1657 hoc
376 1610 564 1657 intendit
586 1622 629 1657 et
651 1611 800 1667 febris,
822 1611 1007 1658 vincere.
1041 1612 1212 1658 Positus
1228 1624 1289 1659 est
1308 1615 1434 1677 quasi

50 1682 96 1728 in
116 1681 260 1728 medio
279 1692 480 1742 {egrotus
506 1681 552 1727 Si
570 1682 724 1728 vicerit
746 1680 957 1738 medicus,
980 1681 1121 1728 salvus
1139 1694 1200 1728 est
1217 1695 1429 1744 aegrotus:

50 1753 85 1799 si
110 1753 263 1800 vicerit
287 1753 420 1799 febris
438 1791 448 1809 ‚
482 1753 691 1798 morietur
714 1763 915 1812 aegrotus.
947 1754 999 1798 ln
1027 1755 1302 1800 contentione
1332 1772 1432 1816 ergo

49 1834 196 1869 nostra
212 1822 505 1868 contendebat
523 1822 716 1868 medicus
736 1840 817 1886 pro
834 1822 987 1879 salute,
1007 1841 1088 1886 pro
1106 1823 1226 1870 febre
1247 1836 1431 1871 conten-

51 1893 184 1939 debat
216 1904 415 1953 aegrotUS.
448 1893 537 1950 Qui
565 1892 964 1939 animadverterunt
987 1893 1145 1939 medici
1171 1895 1398 1942 consilium
1417 1934 1430 1954 ,

50 1965 266 2020 vicerunt,
304 1963 471 2010 febrem
503 1974 828 2027 superaverunt.
877 1963 1102 2009 Habemus
1132 1982 1202 2010 cos
1237 1983 1360 2012 sanos
1391 1978 1433 2013 et

51 2034 285 2094 gaudentes
306 2034 539 2079 nobiscum
559 2033 605 2079 in
628 2033 833 2080 Ecclesia.
863 2033 1237 2096 Blaspbemabant
1253 2053 1330 2082 nos
1349 2056 1432 2084 an-

52 2116 138 2161 tea,
153 2104 257 2167 quia
268 2103 420 2149 fratres
438 2120 514 2149 nos
527 2120 614 2148 non
632 2104 923 2162 agnoscebant
938 2120 948 2147 ε
963 2103 1097 2150 febris
1112 2104 1226 2150 enim
1245 2119 1431 2154 mentem

54 2175 319 2222 turbaverat.
342 2175 428 2220 Nos
445 2184 585 2219 tamen
606 2174 755 2219 illoset
768 2173 1024 2219 detestantes
1042 2192 1135 2230 nos,
1159 2179 1435 2225 etsaevientes

53 2247 99 2293 in
123 2263 199 2291 nos
219 2261 430 2299 amamus,
453 2256 494 2289 ct
515 2245 791 2291 saevientihus
811 2245 981 2304 aegrotis
1002 2247 1307 2296 serviebamus,
1340 2250 1432 2296 lte-

56 2318 326 2372 sistebamus‚
353 2316 740 2371 contendebanms,
761 2327 803 2361 et
827 2317 949 2379 qnasi
980 2316 1274 2376 litigabamus,
1297 2331 1338 2365 et
1364 2331 1433 2366 ta-

55 2406 155 2434 men
183 2388 448 2435 amabamus.
491 2387 661 2434 Molesti
697 2388 809 2433 enim
848 2399 946 2433 sunt
981 2406 1126 2434 omnes
1161 2390 1235 2452 qni
1276 2391 1435 2438 talibus

54 2456 362 2516 languentibus
380 2458 597 2510 serviunt3
617 2457 689 2502 sed
708 2457 957 2503 adsalutem
980 2459 1141 2504 molesti
1162 2471 1274 2507 sunt.

119 2528 243 2575 Vlli.
288 2529 537 2575 Invenimus
557 2540 699 2574 autem
723 2528 920 2574 homines
945 2529 1179 2592 aliqnando
1207 2531 1347 2593 pigros
1368 2531 1434 2577 di-

56 2598 403 2645 ‹rentes-:Verum
426 2611 504 2651 est,
530 2599 732 2649 Domine,
757 2616 904 2645 verum
931 2611 1010 2649 est,
1037 2619 1119 2646 non
1146 2613 1200 2646 est
1231 2601 1337 2665 qnid
1358 2602 1432 2647 ‹li-

57 2688 164 2718 cere.
190 2669 312 2729 Quid
331 2673 460 2732 crgo?
485 2670 613 2727 Veni,
638 2688 725 2730 age.
755 2670 884 2717 Pater
908 2689 1025 2718 mens
1046 2672 1108 2718 ibi
1130 2683 1191 2719 cst
1216 2684 1428 2730 mortuus,
