1942 3272
451 291 534 339 ¹92
863 289 897 320 s.
938 286 1181 320 Aueusrmr
1217 287 1421 320 Emscom

438 356 761 421 *propinquante
784 354 979 418 passione
995 391 1005 409 ,
1033 353 1270 399 retribuam
1301 354 1416 400 bona
1438 371 1519 419 pro
1543 355 1670 400 bonis
1689 393 1700 411 ,
1728 372 1817 402 11011

442 430 558 473 bona
585 444 665 491 pro
689 425 825 472 malis.
862 425 986 470 Prius
1009 441 1107 484 ergo
1145 424 1357 469 Dominus
1388 424 1577 471 debebat
1601 425 1713 471 mala
1737 426 1819 489 pro

444 497 566 544 malis
588 515 598 542 τ
619 497 759 543 noluit
777 507 919 542 autem
940 495 1177 540 retribuere
1194 494 1308 540 mala
1332 512 1413 558 pro
1438 495 1577 552 malis,
1599 496 1672 541 sed
1690 496 1820 542 retri-

446 569 545 615 buit
572 569 689 614 bona
719 584 800 631 pro
832 566 969 612 malis.
1000 565 1301 610 Retribuendo
1330 565 1446 611 bona
1471 583 1551 629 pro
1575 566 1723 624 malis,
1749 565 1821 611 in·-

445 640 564 685 venit
583 637 802 701 quomodo
825 636 1081 682 retribueret
1102 635 1219 680 bona
1243 652 1324 698 pro
1349 635 1489 682 bonis.

513 710 564 756 V.
611 711 722 754 Eece
742 707 919 753 enimin
944 705 1098 762 Paulo,
1125 706 1246 769 prius
1272 706 1420 762 Saulo,
1438 706 1550 752 nihil
1570 707 1677 752 boni
1698 707 1823 753 inve-

449 780 527 827 nit.
558 780 673 826 Cum
691 780 736 825 in
756 779 829 824 illo
849 777 961 823 nihil
981 777 1086 822 boni
1106 777 1352 833 invenisset,
1375 777 1487 823 mala
1508 777 1688 835 dimisit,
1709 778 1824 823 bona

450 851 664 897 retribuit.
703 850 816 894 Cum
841 865 940 908 ergo
970 848 1006 893 ei
1029 847 1152 910 prius
1181 847 1297 892 bona
1324 848 1544 904 retribuit,
1573 848 1787 911 praevenit
1810 865 1821 892 ι

450 922 523 968 sed
540 920 744 967 donando
763 920 878 965 bona
898 918 1058 982 quibus
1075 919 1333 963 retribueret
1348 918 1481 974 bona,
1506 935 1604 964 ecee
1625 918 1828 965 retribuit

452 991 693 1040 mercedem
712 991 781 1035 his
797 990 924 1035 bonis
942 990 1161 1052 operibus.
1188 991 1359 1034 Bonum
1383 1000 1600 1034 certamen
1624 989 1822 1044 certanti,

453 1080 626 1109 cursum
658 1060 1005 1113 consummanti,
1038 1059 1165 1104 fidem
1204 1060 1418 1115 servanti,
1452 1060 1653 1105 retribuit
1676 1060 1790 1104 bona
1815 1077 1825 1103 ε

453 1134 525 1179 sed
561 1133 721 1196 quibus
754 1131 912 1176 bonis-‚³
941 1131 1054 1186 Quae
1080 1131 1170 1194 ipse
1201 1130 1333 1176 dedit.
1369 1132 1524 1175 Annon
1561 1130 1650 1193 ipse
1685 1130 1826 1185 dedit,

453 1217 500 1251 ut
519 1205 684 1250 bonum
712 1213 928 1247 certamen
948 1205 1159 1246 certares?
1185 1201 1230 1246 Si
1251 1218 1337 1246 non
1360 1201 1451 1264 ipse
1475 1201 1611 1249 dedit,
1639 1200 1745 1263 quid
1769 1211 1830 1244 est

453 1274 571 1339 qnod
598 1274 680 1319 alio
705 1272 802 1318 loeo
826 1271 965 1317 dicis?
986 1293 1004 1312 «
1026 1271 1129 1316 Plus
1153 1271 1235 1316 illis
1259 1271 1463 1316 omnibus
1494 1271 1714 1326 laboravi,
1742 1287 1830 1315 11011

454 1369 474 1388 »
495 1357 635 1391 autem
656 1361 749 1404 ego,
771 1342 841 1387 sed
861 1341 995 1402 gratia
1013 1343 1091 1387 Dei
1110 1360 1277 1387 mecum
1294 1342 1324 1388 ¹.
1353 1364 1373 1382 »
1395 1343 1507 1387 Ecce
1525 1342 1678 1387 iterum
1702 1341 1826 1395 dicis,

455 1440 472 1460 «
499 1420 684 1462 Cursum
708 1413 1020 1460 consummavi.
1057 1435 1077 1454 »
1107 1414 1204 1458 Non
1231 1424 1273 1458 et
1295 1413 1386 1476 ipse
1411 1412 1555 1468 dedit,
1586 1423 1634 1458 ut
1657 1429 1829 1457 cursum

455 1487 801 1533 consummares?
824 1484 867 1528 Si
887 1501 974 1528 non
999 1484 1090 1547 ipse
1114 1483 1250 1539 dedit,
1281 1483 1388 1546 quid
1411 1493 1472 1528 est
1496 1482 1615 1546 quod
1634 1481 1715 1528 alio
1735 1482 1830 1527 loco

455 1559 562 1605 dicis
580 1576 590 1602 ε
611 1579 631 1598 «
653 1558 749 1601 Non
772 1554 972 1611 volentis,
994 1571 1134 1618 neque
1159 1555 1389 1609 currentis,
1416 1552 1486 1599 sed
1511 1554 1746 1599 miserentis
1770 1564 1831 1598 est

456 1652 476 1671 >³
498 1628 636 1674 Dei2?
670 1625 821 1671 Fidem
845 1624 1022 1671 servavi.
1056 1646 1076 1666 »
1109 1623 1294 1669 Servasti
1318 1641 1328 1668 :
1357 1641 1539 1683 agnosco
1555 1662 1566 1680 ,
1603 1623 1827 1687 appr0b03

453 1701 608 1755 fateor,
643 1695 831 1742 servasti.
873 1695 975 1751 Sed,
997 1694 1126 1740 «Nisi
1153 1695 1364 1739 Dominus
1395 1694 1646 1740 custodierit
1675 1694 1829 1739 civita-

450 1792 469 1812 »
497 1781 608 1823 tem,
637 1767 681 1811 in
711 1781 873 1824 vanum
903 1763 1054 1823 vigilat
1088 1763 1163 1826 qui
1197 1763 1386 1809 custodit
1411 1763 1550 1810 eam3.
1577 1785 1597 1805 »
1617 1764 1697 1809 lllo
1731 1780 1830 1822 ergo

454 1841 548 1904 ipso
568 1837 816 1897 adjuvante,
845 1834 1025 1897 ipsoque
1047 1833 1252 1887 donante,
1281 1843 1322 1877 et
1342 1833 1509 1878 bonum
1529 1850 1706 1893 agonem
1732 1850 1830 1878 cer-

456 1910 573 1964 tasti,
594 1918 635 1952 et
665 1921 837 1951 cursum
866 1903 1192 1958 consummasti,
1222 1913 1263 1947 et
1288 1901 1418 1947 fidem
1444 1903 1632 1949 servasti.
1663 1904 1727 1948 Da
1751 1919 1829 1948 ven

456 1981 497 2026 ni
507 1997 571 2025 am
581 2016 590 2034 ,
600 1974 1004 2040 Apostole,prop1·ia
1018 1983 1185 2018 tuanon
1198 1972 1318 2029 novi,
1331 1972 1410 2017 nisi
1422 1972 1547 2019 mala.
1567 1973 1630 2018 Da
1640 1973 1805 2019 veniam
1815 2010 1826 2026 ,

458 2060 489 2097 A
498 2046 687 2113 postole3
715 2044 917 2097 dicimus,
941 2042 1043 2106 quia
1066 2053 1114 2087 tu
1139 2042 1321 2088 docuisti
1343 2059 1353 2086 t
1375 2041 1502 2087 audio
1530 2043 1825 2098 confitentem,

456 2138 542 2166 non
569 2116 740 2164 invenio
764 2115 997 2173 ingratum.
1032 2114 1214 2158 Prorsus
1245 2123 1315 2158 tua
1343 2130 1365 2157 a
1388 2123 1428 2157 te
1455 2113 1534 2158 tibi
1562 2123 1714 2176 parata
1742 2130 1829 2158 non

457 2191 673 2243 novimus,
700 2184 781 2231 nisi
804 2183 930 2229 mala.
966 2188 1077 2230 (jum
1100 2199 1199 2242 ergo
1223 2184 1338 2228 Deus
1365 2192 1543 2228 coronat
1562 2183 1712 2228 merita
1735 2193 1822 2240 tua,

455 2261 568 2308 nihil
587 2266 765 2305 coronat
784 2254 864 2300 nisi
884 2254 997 2300 dona
1022 2271 1109 2300 sua.

520 2332 596 2377 VI.
639 2329 764 2373 Hane
788 2325 917 2370 fidem
943 2341 1173 2388 veramque
1198 2325 1419 2387 pietatem,
1449 2342 1500 2370 ne
1525 2324 1620 2387 quis
1648 2324 1827 2370 extolla—

458 2414 528 2448 tur
551 2401 603 2446 de
627 2398 764 2443 libero
789 2394 987 2449 arbitrio,
1016 2395 1060 2439 in
1084 2394 1211 2440 bonis
1240 2395 1463 2457 operibus,
1495 2395 1612 2457 (quae
1636 2394 1828 2457 quisquis

458 2472 635 2536 accipit,
665 2468 725 2513 sie
750 2465 951 2528 accipiat,
983 2475 1030 2510 ut
1056 2466 1224 2511 noverit
1246 2465 1437 2517 dantem,
1463 2475 1510 2510 ut
1528 2465 1723 2528 quisquis
1745 2464 1827 2509 da-

459 2545 539 2590 tori
569 2558 655 2588 non
683 2539 737 2583 sit
761 2537 969 2595 ingratus,
998 2535 1168 2581 medico
1198 2552 1285 2581 non
1312 2536 1553 2599 superbiat,
1586 2534 1652 2581 vel
1681 2534 1826 2580 adhuc

504 2635 518 2657 ⁸·
540 2646 550 2665 1
577 2634 649 2664 Cor.
672 2638 724 2667 xv,
750 2638 799 2659 10.
816 2644 857 2651 -
875 2623 891 2647 2
906 2628 1001 2657 Rom.
1020 2635 1069 2663 rx,
1090 2626 1141 2656 16.
1157 2642 1200 2648 --
1219 2622 1233 2646 3
1247 2624 1326 2658 P—at.
1341 2635 1446 2663 cxxvi,
1465 2635 1493 2658 t.
