<?xml version="1.0" encoding="UTF-8"?>
<!DOCTYPE html PUBLIC "-//W3C//DTD XHTML 1.0 Transitional//EN"
    "http://www.w3.org/TR/xhtml1/DTD/xhtml1-transitional.dtd">
<html xmlns="http://www.w3.org/1999/xhtml" xml:lang="en" lang="en">
 <head>
  <title>
</title>
<meta http-equiv="Content-Type" content="text/html;charset=utf-8" />
  <meta name='ocr-system' content='tesseract 3.04.00' />
  <meta name='ocr-capabilities' content='ocr_page ocr_carea ocr_par ocr_line ocrx_word'/>
</head>
<body>
  <div class='ocr_page' id='page_1' title='image "./operaomniaaccura21auguuoft_0125.png"; bbox 0 0 1894 3236; ppageno 0'>
   <div class='ocr_carea' id='block_1_1' title="bbox 159 311 1410 352">
    <p class='ocr_par' dir='ltr' id='par_1_1' title="bbox 159 311 1410 352">
     <span class='ocr_line' id='line_1_1' title="bbox 159 311 1410 352; baseline 0.004 -8"><span class='ocrx_word' id='word_1_1' title='bbox 159 313 304 344; x_wconf 72' lang='lat' dir='ltr'>smum</span> <span class='ocrx_word' id='word_1_2' title='bbox 338 312 485 352; x_wconf 84' lang='lat' dir='ltr'>CCCXI,</span> <span class='ocrx_word' id='word_1_3' title='bbox 522 312 570 343; x_wconf 88' lang='lat' dir='ltr'>IN</span> <span class='ocrx_word' id='word_1_4' title='bbox 607 311 765 342; x_wconf 82' lang='lat' dir='ltr'>NATALI</span> <span class='ocrx_word' id='word_1_5' title='bbox 802 311 1016 343; x_wconf 79' lang='lat' dir='ltr'>CYPRIANI</span> <span class='ocrx_word' id='word_1_6' title='bbox 1050 311 1243 347; x_wconf 72' lang='lat' dir='ltr'><strong>MARTYR.</strong></span> <span class='ocrx_word' id='word_1_7' title='bbox 1329 317 1410 348; x_wconf 89' lang='lat'>111</span> 
     </span>
    </p>
   </div>
   <div class='ocr_carea' id='block_1_2' title="bbox 0 378 1421 2689">
    <p class='ocr_par' dir='ltr' id='par_1_2' title="bbox 0 378 1421 2689">
     <span class='ocr_line' id='line_1_2' title="bbox 44 378 1417 442; baseline 0.001 -14"><span class='ocrx_word' id='word_1_8' title='bbox 44 381 162 428; x_wconf 77' lang='lat' dir='ltr'>bona</span> <span class='ocrx_word' id='word_1_9' title='bbox 197 390 382 436; x_wconf 86' lang='lat' dir='ltr'>terrena,</span> <span class='ocrx_word' id='word_1_10' title='bbox 421 379 537 425; x_wconf 86' lang='lat' dir='ltr'>hona</span> <span class='ocrx_word' id='word_1_11' title='bbox 574 378 845 442; x_wconf 85' lang='lat' dir='ltr'>temporalia‚</span> <span class='ocrx_word' id='word_1_12' title='bbox 879 378 996 423; x_wconf 89' lang='lat' dir='ltr'>bona</span> <span class='ocrx_word' id='word_1_13' title='bbox 1029 380 1289 439; x_wconf 75' lang='lat' dir='ltr'>transitoria,</span> <span class='ocrx_word' id='word_1_14' title='bbox 1329 401 1417 430; x_wconf 91' lang='lat' dir='ltr'>non</span> 
     </span>
     <span class='ocr_line' id='line_1_3' title="bbox 46 449 1417 515; baseline 0.001 -16"><span class='ocrx_word' id='word_1_15' title='bbox 46 451 312 499; x_wconf 84' lang='lat' dir='ltr'><strong>donarentur</strong></span> <span class='ocrx_word' id='word_1_16' title='bbox 336 460 378 496; x_wconf 87' lang='lat' dir='ltr'>et</span> <span class='ocrx_word' id='word_1_17' title='bbox 405 449 529 495; x_wconf 80' lang='lat' dir='ltr'>malis</span> <span class='ocrx_word' id='word_1_18' title='bbox 545 487 556 505; x_wconf 84' lang='lat'><strong>‚</strong></span> <span class='ocrx_word' id='word_1_19' title='bbox 591 466 746 510; x_wconf 84' lang='lat' dir='ltr'>magna</span> <span class='ocrx_word' id='word_1_20' title='bbox 775 449 1053 496; x_wconf 84' lang='lat' dir='ltr'>crederentur</span> <span class='ocrx_word' id='word_1_21' title='bbox 1080 468 1103 495; x_wconf 89' lang='lat' dir='ltr'>a</span> <span class='ocrx_word' id='word_1_22' title='bbox 1127 451 1266 499; x_wconf 84' lang='lat' dir='ltr'>bonis.</span> <span class='ocrx_word' id='word_1_23' title='bbox 1306 455 1417 515; x_wconf 84' lang='lat' dir='ltr'>Ergo</span> 
     </span>
     <span class='ocr_line' id='line_1_4' title="bbox 45 518 1417 584; baseline 0.001 -17"><span class='ocrx_word' id='word_1_24' title='bbox 45 521 162 568; x_wconf 86' lang='lat' dir='ltr'>Deus</span> <span class='ocrx_word' id='word_1_25' title='bbox 181 520 257 584; x_wconf 90' lang='lat' dir='ltr'>qui</span> <span class='ocrx_word' id='word_1_26' title='bbox 282 520 358 567; x_wconf 86' lang='lat' dir='ltr'>dat</span> <span class='ocrx_word' id='word_1_27' title='bbox 376 518 499 566; x_wconf 88' lang='lat' dir='ltr'>malis</span> <span class='ocrx_word' id='word_1_28' title='bbox 525 519 606 564; x_wconf 89' lang='lat' dir='ltr'>ista</span> <span class='ocrx_word' id='word_1_29' title='bbox 627 519 762 575; x_wconf 85' lang='lat' dir='ltr'>bona,</span> <span class='ocrx_word' id='word_1_30' title='bbox 790 530 831 565; x_wconf 87' lang='lat' dir='ltr'>te</span> <span class='ocrx_word' id='word_1_31' title='bbox 849 519 976 566; x_wconf 88' lang='lat' dir='ltr'>docet</span> <span class='ocrx_word' id='word_1_32' title='bbox 995 521 1300 584; x_wconf 81' lang='lat' dir='ltr'>concupiscere</span> <span class='ocrx_word' id='word_1_33' title='bbox 1323 541 1417 569; x_wconf 87' lang='lat' dir='ltr'>me-</span> 
     </span>
     <span class='ocr_line' id='line_1_5' title="bbox 42 588 1415 643; baseline 0 -3"><span class='ocrx_word' id='word_1_34' title='bbox 42 589 164 640; x_wconf 85' lang='lat' dir='ltr'>liora.</span> <span class='ocrx_word' id='word_1_35' title='bbox 205 591 317 636; x_wconf 81' lang='lat' dir='ltr'>Ecce</span> <span class='ocrx_word' id='word_1_36' title='bbox 352 589 469 643; x_wconf 89' lang='lat' dir='ltr'>dico,</span> <span class='ocrx_word' id='word_1_37' title='bbox 503 589 584 634; x_wconf 88' lang='lat' dir='ltr'>ista</span> <span class='ocrx_word' id='word_1_38' title='bbox 619 588 911 635; x_wconf 82' lang='lat' dir='ltr'>moderatione</span> <span class='ocrx_word' id='word_1_39' title='bbox 945 606 1089 635; x_wconf 86' lang='lat' dir='ltr'>rerum</span> <span class='ocrx_word' id='word_1_40' title='bbox 1125 590 1415 640; x_wconf 85' lang='lat' dir='ltr'>humanarum</span> 
     </span>
     <span class='ocr_line' id='line_1_6' title="bbox 44 658 1418 727; baseline 0.001 -20"><span class='ocrx_word' id='word_1_41' title='bbox 44 660 234 725; x_wconf 84' lang='lat' dir='ltr'>quodam</span> <span class='ocrx_word' id='word_1_42' title='bbox 271 659 400 706; x_wconf 88' lang='lat' dir='ltr'>modo</span> <span class='ocrx_word' id='word_1_43' title='bbox 432 670 472 704; x_wconf 85' lang='lat' dir='ltr'>te</span> <span class='ocrx_word' id='word_1_44' title='bbox 505 658 741 722; x_wconf 81' lang='lat' dir='ltr'>alloquitur</span> <span class='ocrx_word' id='word_1_45' title='bbox 777 660 892 704; x_wconf 88' lang='lat' dir='ltr'>Deus</span> <span class='ocrx_word' id='word_1_46' title='bbox 924 670 1048 723; x_wconf 88' lang='lat' dir='ltr'>pater</span> <span class='ocrx_word' id='word_1_47' title='bbox 1080 670 1264 707; x_wconf 76' lang='lat' dir='ltr'>tuuszet</span> <span class='ocrx_word' id='word_1_48' title='bbox 1295 665 1418 727; x_wconf 86' lang='lat' dir='ltr'>quasi</span> 
     </span>
     <span class='ocr_line' id='line_1_7' title="bbox 0 730 1417 798; baseline 0.004 -24"><span class='ocrx_word' id='word_1_49' title='bbox 0 748 2 774; x_wconf 69' lang='grc' dir='ltr'>ι</span> <span class='ocrx_word' id='word_1_50' title='bbox 42 747 228 796; x_wconf 84' lang='lat' dir='ltr'>puerum</span> <span class='ocrx_word' id='word_1_51' title='bbox 253 730 535 794; x_wconf 73' lang='lat' dir='ltr'>desipientem</span> <span class='ocrx_word' id='word_1_52' title='bbox 565 730 692 775; x_wconf 86' lang='lat' dir='ltr'>docet</span> <span class='ocrx_word' id='word_1_53' title='bbox 722 730 792 775; x_wconf 81' lang='lat' dir='ltr'>his</span> <span class='ocrx_word' id='word_1_54' title='bbox 822 730 989 786; x_wconf 80' lang='lat' dir='ltr'>verbis,</span> <span class='ocrx_word' id='word_1_55' title='bbox 1018 748 1142 794; x_wconf 77' lang='lat' dir='ltr'>quae,</span> <span class='ocrx_word' id='word_1_56' title='bbox 1177 733 1285 778; x_wconf 87' lang='lat' dir='ltr'>sicut</span> <span class='ocrx_word' id='word_1_57' title='bbox 1310 753 1417 798; x_wconf 86' lang='lat' dir='ltr'>pos—</span> 
     </span>
     <span class='ocr_line' id='line_1_8' title="bbox 43 800 1418 865; baseline 0.004 -18"><span class='ocrx_word' id='word_1_58' title='bbox 43 818 156 859; x_wconf 79' lang='lat' dir='ltr'>sum,</span> <span class='ocrx_word' id='word_1_59' title='bbox 187 800 358 865; x_wconf 85' lang='lat' dir='ltr'>profero</span> <span class='ocrx_word' id='word_1_60' title='bbox 392 801 446 846; x_wconf 86' lang='lat' dir='ltr'>ad</span> <span class='ocrx_word' id='word_1_61' title='bbox 484 811 541 857; x_wconf 76' lang='lat' dir='ltr'>te,</span> <span class='ocrx_word' id='word_1_62' title='bbox 575 810 696 846; x_wconf 84' lang='lat' dir='ltr'>tanto</span> <span class='ocrx_word' id='word_1_63' title='bbox 730 800 951 858; x_wconf 77' lang='lat' dir='ltr'>fidentiuS‚</span> <span class='ocrx_word' id='word_1_64' title='bbox 989 812 1154 863; x_wconf 85' lang='lat' dir='ltr'>quanto</span> <span class='ocrx_word' id='word_1_65' title='bbox 1184 804 1317 863; x_wconf 84' lang='lat' dir='ltr'>magis</span> <span class='ocrx_word' id='word_1_66' title='bbox 1347 806 1418 852; x_wconf 85' lang='lat' dir='ltr'>ille</span> 
     </span>
     <span class='ocr_line' id='line_1_9' title="bbox 43 871 1419 939; baseline 0.003 -21"><span class='ocrx_word' id='word_1_67' title='bbox 43 871 248 933; x_wconf 83' lang='lat' dir='ltr'>dignatur</span> <span class='ocrx_word' id='word_1_68' title='bbox 276 889 446 918; x_wconf 86' lang='lat' dir='ltr'>manere</span> <span class='ocrx_word' id='word_1_69' title='bbox 469 871 516 916; x_wconf 90' lang='lat' dir='ltr'>in</span> <span class='ocrx_word' id='word_1_70' title='bbox 540 888 622 917; x_wconf 79' lang='lat' dir='ltr'>nie.</span> <span class='ocrx_word' id='word_1_71' title='bbox 650 871 877 916; x_wconf 79' lang='lat' dir='ltr'>Constitue</span> <span class='ocrx_word' id='word_1_72' title='bbox 896 871 977 916; x_wconf 84' lang='lat' dir='ltr'>tihi</span> <span class='ocrx_word' id='word_1_73' title='bbox 996 871 1137 917; x_wconf 83' lang='lat' dir='ltr'>dicere</span> <span class='ocrx_word' id='word_1_74' title='bbox 1156 874 1315 930; x_wconf 84' lang='lat' dir='ltr'>Deum,</span> <span class='ocrx_word' id='word_1_75' title='bbox 1343 878 1419 939; x_wconf 82' lang='lat' dir='ltr'>qui</span> 
     </span>
     <span class='ocr_line' id='line_1_10' title="bbox 8 938 1420 1007; baseline 0.001 -16"><span class='ocrx_word' id='word_1_76' title='bbox 8 938 11 940; x_wconf 32' lang='lat'>¹</span> <span class='ocrx_word' id='word_1_77' title='bbox 42 952 86 991; x_wconf 69' lang='lat' dir='ltr'>le</span> <span class='ocrx_word' id='word_1_78' title='bbox 109 942 331 989; x_wconf 80' lang='lat' dir='ltr'>renovavit</span> <span class='ocrx_word' id='word_1_79' title='bbox 353 952 394 987; x_wconf 87' lang='lat' dir='ltr'>et</span> <span class='ocrx_word' id='word_1_80' title='bbox 418 940 644 1004; x_wconf 77' lang='lat' dir='ltr'>adoptavit</span> <span class='ocrx_word' id='word_1_81' title='bbox 665 958 675 985; x_wconf 91' lang='lat'><strong>:</strong></span> <span class='ocrx_word' id='word_1_82' title='bbox 695 940 734 986; x_wconf 92' lang='lat' dir='ltr'>O</span> <span class='ocrx_word' id='word_1_83' title='bbox 758 940 837 997; x_wconf 84' lang='lat' dir='ltr'>fili,</span> <span class='ocrx_word' id='word_1_84' title='bbox 866 940 974 1003; x_wconf 91' lang='lat' dir='ltr'>quid</span> <span class='ocrx_word' id='word_1_85' title='bbox 997 952 1058 986; x_wconf 88' lang='lat' dir='ltr'>est</span> <span class='ocrx_word' id='word_1_86' title='bbox 1084 943 1204 1006; x_wconf 90' lang='lat' dir='ltr'>quod</span> <span class='ocrx_word' id='word_1_87' title='bbox 1227 947 1420 1007; x_wconf 83' lang='lat' dir='ltr'>quotldie</span> 
     </span>
     <span class='ocr_line' id='line_1_11' title="bbox 43 1011 1421 1077; baseline 0.004 -19"><span class='ocrx_word' id='word_1_88' title='bbox 43 1013 197 1073; x_wconf 79' lang='lat' dir='ltr'>surgis,</span> <span class='ocrx_word' id='word_1_89' title='bbox 223 1023 264 1058; x_wconf 86' lang='lat' dir='ltr'>et</span> <span class='ocrx_word' id='word_1_90' title='bbox 287 1029 400 1068; x_wconf 86' lang='lat' dir='ltr'>oras,</span> <span class='ocrx_word' id='word_1_91' title='bbox 422 1022 463 1057; x_wconf 85' lang='lat' dir='ltr'>et</span> <span class='ocrx_word' id='word_1_92' title='bbox 484 1029 595 1071; x_wconf 88' lang='lat' dir='ltr'>genu</span> <span class='ocrx_word' id='word_1_93' title='bbox 617 1012 729 1071; x_wconf 80' lang='lat' dir='ltr'>figis,</span> <span class='ocrx_word' id='word_1_94' title='bbox 753 1022 795 1057; x_wconf 88' lang='lat' dir='ltr'>et</span> <span class='ocrx_word' id='word_1_95' title='bbox 814 1011 955 1057; x_wconf 87' lang='lat' dir='ltr'>fronte</span> <span class='ocrx_word' id='word_1_96' title='bbox 974 1023 1130 1059; x_wconf 82' lang='lat' dir='ltr'>terram</span> <span class='ocrx_word' id='word_1_97' title='bbox 1150 1017 1357 1077; x_wconf 76' lang='lat' dir='ltr'>percutis,</span> <span class='ocrx_word' id='word_1_98' title='bbox 1379 1028 1421 1063; x_wconf 90' lang='lat' dir='ltr'>et</span> 
     </span>
     <span class='ocr_line' id='line_1_12' title="bbox 45 1081 1414 1146; baseline 0.002 -17"><span class='ocrx_word' id='word_1_99' title='bbox 45 1082 282 1146; x_wconf 83' lang='lat' dir='ltr'>aliquando</span> <span class='ocrx_word' id='word_1_100' title='bbox 311 1083 440 1128; x_wconf 87' lang='lat' dir='ltr'>etiam</span> <span class='ocrx_word' id='word_1_101' title='bbox 468 1081 738 1145; x_wconf 71' lang='lat' dir='ltr'>lacrymaris,</span> <span class='ocrx_word' id='word_1_102' title='bbox 766 1092 809 1127; x_wconf 87' lang='lat' dir='ltr'>et</span> <span class='ocrx_word' id='word_1_103' title='bbox 833 1082 940 1127; x_wconf 84' lang='lat' dir='ltr'>dicis</span> <span class='ocrx_word' id='word_1_104' title='bbox 968 1083 1248 1130; x_wconf 75' lang='lat' dir='ltr'>mihizpater</span> <span class='ocrx_word' id='word_1_105' title='bbox 1279 1103 1414 1143; x_wconf 80' lang='lat' dir='ltr'>meus,</span> 
     </span>
     <span class='ocr_line' id='line_1_13' title="bbox 42 1152 1420 1217; baseline 0.003 -18"><span class='ocrx_word' id='word_1_106' title='bbox 42 1153 160 1200; x_wconf 87' lang='lat' dir='ltr'>Deus</span> <span class='ocrx_word' id='word_1_107' title='bbox 177 1169 312 1208; x_wconf 84' lang='lat' dir='ltr'>meus,</span> <span class='ocrx_word' id='word_1_108' title='bbox 334 1152 389 1198; x_wconf 90' lang='lat' dir='ltr'>da</span> <span class='ocrx_word' id='word_1_109' title='bbox 410 1152 519 1197; x_wconf 87' lang='lat' dir='ltr'>mihi</span> <span class='ocrx_word' id='word_1_110' title='bbox 540 1152 741 1197; x_wconf 65' lang='lat' dir='ltr'>divitias?</span> <span class='ocrx_word' id='word_1_111' title='bbox 765 1152 809 1197; x_wconf 84' lang='lat' dir='ltr'>Si</span> <span class='ocrx_word' id='word_1_112' title='bbox 829 1152 927 1198; x_wconf 91' lang='lat' dir='ltr'>dem</span> <span class='ocrx_word' id='word_1_113' title='bbox 949 1153 1047 1209; x_wconf 77' lang='lat' dir='ltr'>tibi,</span> <span class='ocrx_word' id='word_1_114' title='bbox 1070 1154 1235 1217; x_wconf 83' lang='lat' dir='ltr'>aliquid</span> <span class='ocrx_word' id='word_1_115' title='bbox 1255 1157 1361 1203; x_wconf 85' lang='lat' dir='ltr'>boni</span> <span class='ocrx_word' id='word_1_116' title='bbox 1380 1168 1420 1203; x_wconf 88' lang='lat' dir='ltr'>te</span> 
     </span>
     <span class='ocr_line' id='line_1_14' title="bbox 41 1222 1420 1290; baseline 0.002 -19"><span class='ocrx_word' id='word_1_117' title='bbox 41 1234 190 1288; x_wconf 81' lang='lat' dir='ltr'>putas,</span> <span class='ocrx_word' id='word_1_118' title='bbox 220 1233 262 1269; x_wconf 92' lang='lat' dir='ltr'>et</span> <span class='ocrx_word' id='word_1_119' title='bbox 294 1223 438 1283; x_wconf 85' lang='lat' dir='ltr'>magni</span> <span class='ocrx_word' id='word_1_120' title='bbox 469 1222 692 1285; x_wconf 84' lang='lat' dir='ltr'>adeptum.</span> <span class='ocrx_word' id='word_1_121' title='bbox 724 1223 836 1279; x_wconf 84' lang='lat' dir='ltr'>Quia</span> <span class='ocrx_word' id='word_1_122' title='bbox 866 1224 1033 1286; x_wconf 67' lang='lat' dir='ltr'>petisti,</span> <span class='ocrx_word' id='word_1_123' title='bbox 1063 1227 1266 1290; x_wconf 80' lang='lat' dir='ltr'>accepisti</span> <span class='ocrx_word' id='word_1_124' title='bbox 1290 1245 1299 1272; x_wconf 76' lang='grc' dir='ltr'><strong>ε</strong></span> <span class='ocrx_word' id='word_1_125' title='bbox 1321 1245 1420 1274; x_wconf 89' lang='lat' dir='ltr'>ecce</span> 
     </span>
     <span class='ocr_line' id='line_1_15' title="bbox 41 1293 1420 1357; baseline 0.002 -15"><span class='ocrx_word' id='word_1_126' title='bbox 41 1294 111 1343; x_wconf 85' lang='lat' dir='ltr'>fac</span> <span class='ocrx_word' id='word_1_127' title='bbox 134 1294 238 1341; x_wconf 86' lang='lat' dir='ltr'>inde</span> <span class='ocrx_word' id='word_1_128' title='bbox 258 1294 383 1341; x_wconf 84' lang='lat' dir='ltr'>bene.</span> <span class='ocrx_word' id='word_1_129' title='bbox 420 1294 666 1357; x_wconf 83' lang='lat' dir='ltr'>Antequam</span> <span class='ocrx_word' id='word_1_130' title='bbox 690 1293 890 1349; x_wconf 77' lang='lat' dir='ltr'>habereS‚</span> <span class='ocrx_word' id='word_1_131' title='bbox 918 1294 1095 1340; x_wconf 82' lang='lat' dir='ltr'>humilis</span> <span class='ocrx_word' id='word_1_132' title='bbox 1116 1313 1207 1342; x_wconf 89' lang='lat' dir='ltr'>eras</span> <span class='ocrx_word' id='word_1_133' title='bbox 1229 1315 1238 1342; x_wconf 78' lang='lat' dir='ltr'><strong><em>z</em></strong></span> <span class='ocrx_word' id='word_1_134' title='bbox 1261 1298 1420 1345; x_wconf 81' lang='lat' dir='ltr'>habere</span> 
     </span>
     <span class='ocr_line' id='line_1_16' title="bbox 42 1363 1419 1428; baseline 0.001 -15"><span class='ocrx_word' id='word_1_135' title='bbox 42 1363 216 1413; x_wconf 84' lang='lat' dir='ltr'>divitias</span> <span class='ocrx_word' id='word_1_136' title='bbox 235 1365 427 1428; x_wconf 83' lang='lat' dir='ltr'>coepisti,</span> <span class='ocrx_word' id='word_1_137' title='bbox 456 1375 498 1409; x_wconf 90' lang='lat' dir='ltr'>et</span> <span class='ocrx_word' id='word_1_138' title='bbox 522 1381 736 1428; x_wconf 86' lang='lat' dir='ltr'>pauperes</span> <span class='ocrx_word' id='word_1_139' title='bbox 756 1365 1065 1428; x_wconf 84' lang='lat' dir='ltr'>contempsisti.</span> <span class='ocrx_word' id='word_1_140' title='bbox 1097 1367 1236 1424; x_wconf 81' lang='lat' dir='ltr'>Quale</span> <span class='ocrx_word' id='word_1_141' title='bbox 1255 1369 1419 1415; x_wconf 86' lang='lat' dir='ltr'>bonum</span> 
     </span>
     <span class='ocr_line' id='line_1_17' title="bbox 42 1434 1416 1500; baseline 0.003 -18"><span class='ocrx_word' id='word_1_142' title='bbox 42 1445 124 1493; x_wconf 74' lang='lat' dir='ltr'>est,</span> <span class='ocrx_word' id='word_1_143' title='bbox 146 1435 261 1482; x_wconf 87' lang='lat' dir='ltr'>unde</span> <span class='ocrx_word' id='word_1_144' title='bbox 275 1439 398 1499; x_wconf 85' lang='lat' dir='ltr'>pejor</span> <span class='ocrx_word' id='word_1_145' title='bbox 413 1434 552 1481; x_wconf 89' lang='lat' dir='ltr'>factus</span> <span class='ocrx_word' id='word_1_146' title='bbox 568 1437 635 1480; x_wconf 74' lang='lat' dir='ltr'>es?</span> <span class='ocrx_word' id='word_1_147' title='bbox 653 1436 781 1494; x_wconf 87' lang='lat' dir='ltr'>Pejor</span> <span class='ocrx_word' id='word_1_148' title='bbox 795 1435 935 1481; x_wconf 85' lang='lat' dir='ltr'>factus</span> <span class='ocrx_word' id='word_1_149' title='bbox 948 1453 1007 1489; x_wconf 65' lang='lat' dir='ltr'>es,</span> <span class='ocrx_word' id='word_1_150' title='bbox 1029 1437 1130 1500; x_wconf 85' lang='lat' dir='ltr'>quia</span> <span class='ocrx_word' id='word_1_151' title='bbox 1150 1438 1287 1484; x_wconf 83' lang='lat' dir='ltr'>nialus</span> <span class='ocrx_word' id='word_1_152' title='bbox 1303 1458 1416 1486; x_wconf 83' lang='lat' dir='ltr'>eras:</span> 
     </span>
     <span class='ocr_line' id='line_1_18' title="bbox 40 1498 1418 1569; baseline 0.003 -17"><span class='ocrx_word' id='word_1_153' title='bbox 40 1505 215 1569; x_wconf 79' lang='lat' dir='ltr'>etquid</span> <span class='ocrx_word' id='word_1_154' title='bbox 244 1516 284 1551; x_wconf 92' lang='lat' dir='ltr'>te</span> <span class='ocrx_word' id='word_1_155' title='bbox 307 1498 497 1569; x_wconf 74' lang='lat' dir='ltr'>pejorem</span> <span class='ocrx_word' id='word_1_156' title='bbox 530 1516 670 1568; x_wconf 86' lang='lat' dir='ltr'>posset</span> <span class='ocrx_word' id='word_1_157' title='bbox 699 1504 838 1550; x_wconf 86' lang='lat' dir='ltr'>faeere</span> <span class='ocrx_word' id='word_1_158' title='bbox 869 1506 1108 1560; x_wconf 77' lang='lat' dir='ltr'>nesciebas;</span> <span class='ocrx_word' id='word_1_159' title='bbox 1138 1507 1234 1554; x_wconf 89' lang='lat' dir='ltr'>ideo</span> <span class='ocrx_word' id='word_1_160' title='bbox 1267 1509 1364 1556; x_wconf 75' lang='lat' dir='ltr'>haec</span> <span class='ocrx_word' id='word_1_161' title='bbox 1396 1529 1418 1556; x_wconf 88' lang='lat' dir='ltr'>a</span> 
     </span>
     <span class='ocr_line' id='line_1_19' title="bbox 42 1574 1412 1640; baseline 0.003 -18"><span class='ocrx_word' id='word_1_162' title='bbox 42 1592 112 1622; x_wconf 91' lang='lat' dir='ltr'>me</span> <span class='ocrx_word' id='word_1_163' title='bbox 138 1576 328 1640; x_wconf 85' lang='lat' dir='ltr'>petebas.</span> <span class='ocrx_word' id='word_1_164' title='bbox 366 1574 494 1630; x_wconf 82' lang='lat' dir='ltr'>Dedi,</span> <span class='ocrx_word' id='word_1_165' title='bbox 528 1586 569 1620; x_wconf 88' lang='lat' dir='ltr'>et</span> <span class='ocrx_word' id='word_1_166' title='bbox 595 1575 781 1638; x_wconf 86' lang='lat' dir='ltr'>probavi</span> <span class='ocrx_word' id='word_1_167' title='bbox 807 1593 816 1620; x_wconf 80' lang='lat' dir='ltr'><strong><em>z</em></strong></span> <span class='ocrx_word' id='word_1_168' title='bbox 841 1576 1039 1622; x_wconf 78' lang='lat' dir='ltr'>invenisti</span> <span class='ocrx_word' id='word_1_169' title='bbox 1064 1588 1106 1622; x_wconf 88' lang='lat' dir='ltr'>et</span> <span class='ocrx_word' id='word_1_170' title='bbox 1130 1579 1330 1625; x_wconf 67' lang='lat' dir='ltr'>inventus</span> <span class='ocrx_word' id='word_1_171' title='bbox 1356 1598 1412 1627; x_wconf 78' lang='lat' dir='ltr'>es,</span> 
     </span>
     <span class='ocr_line' id='line_1_20' title="bbox 42 1646 1418 1714; baseline 0.001 -19"><span class='ocrx_word' id='word_1_172' title='bbox 42 1646 230 1695; x_wconf 82' lang='lat' dir='ltr'>Latebas</span> <span class='ocrx_word' id='word_1_173' title='bbox 254 1646 432 1710; x_wconf 84' lang='lat' dir='ltr'>quando</span> <span class='ocrx_word' id='word_1_174' title='bbox 456 1663 542 1691; x_wconf 86' lang='lat' dir='ltr'>non</span> <span class='ocrx_word' id='word_1_175' title='bbox 567 1646 776 1693; x_wconf 81' lang='lat' dir='ltr'>habebas.</span> <span class='ocrx_word' id='word_1_176' title='bbox 811 1647 1109 1706; x_wconf 67' lang='lat' dir='ltr'>(Jorrigcrezm</span> <span class='ocrx_word' id='word_1_177' title='bbox 1123 1666 1216 1695; x_wconf 77' lang='lat' dir='ltr'>onie</span> <span class='ocrx_word' id='word_1_178' title='bbox 1240 1651 1418 1714; x_wconf 72' lang='lat' dir='ltr'>cupidi-</span> 
     </span>
     <span class='ocr_line' id='line_1_21' title="bbox 41 1716 1417 1782; baseline 0.001 -17"><span class='ocrx_word' id='word_1_179' title='bbox 41 1726 200 1773; x_wconf 73' lang='lat' dir='ltr'>tatem,</span> <span class='ocrx_word' id='word_1_180' title='bbox 233 1717 337 1762; x_wconf 79' lang='lat' dir='ltr'>hibe</span> <span class='ocrx_word' id='word_1_181' title='bbox 365 1716 638 1762; x_wconf 83' lang='lat' dir='ltr'>charitatem.</span> <span class='ocrx_word' id='word_1_182' title='bbox 677 1716 795 1772; x_wconf 84' lang='lat' dir='ltr'>Quid</span> <span class='ocrx_word' id='word_1_183' title='bbox 825 1727 887 1761; x_wconf 81' lang='lat' dir='ltr'>est</span> <span class='ocrx_word' id='word_1_184' title='bbox 912 1734 1113 1777; x_wconf 81' lang='lat' dir='ltr'>magnum</span> <span class='ocrx_word' id='word_1_185' title='bbox 1150 1720 1268 1782; x_wconf 86' lang='lat' dir='ltr'>quod</span> <span class='ocrx_word' id='word_1_186' title='bbox 1297 1739 1318 1766; x_wconf 85' lang='lat' dir='ltr'>a</span> <span class='ocrx_word' id='word_1_187' title='bbox 1353 1738 1417 1766; x_wconf 85' lang='lat' dir='ltr'>me</span> 
     </span>
     <span class='ocr_line' id='line_1_22' title="bbox 42 1786 1417 1853; baseline 0.003 -20"><span class='ocrx_word' id='word_1_188' title='bbox 42 1788 178 1853; x_wconf 74' lang='lat' dir='ltr'>petis?</span> <span class='ocrx_word' id='word_1_189' title='bbox 203 1786 311 1833; x_wconf 82' lang='lat' dir='ltr'>dicit</span> <span class='ocrx_word' id='word_1_190' title='bbox 339 1787 417 1832; x_wconf 82' lang='lat' dir='ltr'>ti&#39;bi</span> <span class='ocrx_word' id='word_1_191' title='bbox 452 1787 566 1832; x_wconf 89' lang='lat' dir='ltr'>Deus</span> <span class='ocrx_word' id='word_1_192' title='bbox 592 1798 704 1833; x_wconf 87' lang='lat' dir='ltr'>tuus.</span> <span class='ocrx_word' id='word_1_193' title='bbox 739 1787 837 1832; x_wconf 81' lang='lat' dir='ltr'>Non</span> <span class='ocrx_word' id='word_1_194' title='bbox 865 1788 983 1833; x_wconf 83' lang='lat' dir='ltr'>vides</span> <span class='ocrx_word' id='word_1_195' title='bbox 1011 1790 1171 1852; x_wconf 70' lang='lat' dir='ltr'>quibus</span> <span class='ocrx_word' id='word_1_196' title='bbox 1203 1808 1250 1836; x_wconf 80' lang='lat' dir='ltr'>ea</span> <span class='ocrx_word' id='word_1_197' title='bbox 1281 1791 1417 1836; x_wconf 89' lang='lat' dir='ltr'>dede-</span> 
     </span>
     <span class='ocr_line' id='line_1_23' title="bbox 41 1857 1415 1922; baseline 0.001 -16"><span class='ocrx_word' id='word_1_198' title='bbox 41 1858 150 1906; x_wconf 71' lang='lat' dir='ltr'>rim?</span> <span class='ocrx_word' id='word_1_199' title='bbox 179 1875 265 1905; x_wconf 91' lang='lat' dir='ltr'>non</span> <span class='ocrx_word' id='word_1_200' title='bbox 284 1857 403 1904; x_wconf 89' lang='lat' dir='ltr'>vides</span> <span class='ocrx_word' id='word_1_201' title='bbox 419 1858 624 1922; x_wconf 87' lang='lat' dir='ltr'>qualibus</span> <span class='ocrx_word' id='word_1_202' title='bbox 646 1876 693 1902; x_wconf 78' lang='lat' dir='ltr'>ea</span> <span class='ocrx_word' id='word_1_203' title='bbox 717 1857 907 1903; x_wconf 76' lang='lat' dir='ltr'>dederim</span> <span class='ocrx_word' id='word_1_204' title='bbox 921 1861 936 1903; x_wconf 73' lang='grc' dir='ltr'>ζ’</span> <span class='ocrx_word' id='word_1_205' title='bbox 958 1861 1001 1904; x_wconf 64' lang='lat' dir='ltr'>si</span> <span class='ocrx_word' id='word_1_206' title='bbox 1024 1877 1226 1920; x_wconf 83' lang='lat' dir='ltr'>maguum</span> <span class='ocrx_word' id='word_1_207' title='bbox 1255 1863 1415 1908; x_wconf 85' lang='lat' dir='ltr'>bonum</span> 
     </span>
     <span class='ocr_line' id='line_1_24' title="bbox 37 1927 1415 1992; baseline 0.004 -20"><span class='ocrx_word' id='word_1_208' title='bbox 37 1939 166 1985; x_wconf 66' lang='lat' dir='ltr'>esset,</span> <span class='ocrx_word' id='word_1_209' title='bbox 199 1927 316 1992; x_wconf 90' lang='lat' dir='ltr'>quod</span> <span class='ocrx_word' id='word_1_210' title='bbox 343 1946 366 1973; x_wconf 90' lang='lat' dir='ltr'>a</span> <span class='ocrx_word' id='word_1_211' title='bbox 391 1945 458 1973; x_wconf 90' lang='lat' dir='ltr'>me</span> <span class='ocrx_word' id='word_1_212' title='bbox 492 1928 619 1991; x_wconf 81' lang='lat' dir='ltr'>petiS,</span> <span class='ocrx_word' id='word_1_213' title='bbox 654 1928 833 1974; x_wconf 82' lang='lat' dir='ltr'>haberet</span> <span class='ocrx_word' id='word_1_214' title='bbox 856 1929 939 1974; x_wconf 82' lang='lat' dir='ltr'>hoc</span> <span class='ocrx_word' id='word_1_215' title='bbox 965 1929 1098 1976; x_wconf 67' lang='lat' dir='ltr'>lau-01)</span> <span class='ocrx_word' id='word_1_216' title='bbox 1127 1932 1303 1977; x_wconf 77' lang='lat' dir='ltr'>haberet</span> <span class='ocrx_word' id='word_1_217' title='bbox 1332 1934 1415 1978; x_wconf 76' lang='lat' dir='ltr'>hoe</span> 
     </span>
     <span class='ocr_line' id='line_1_25' title="bbox 42 1997 1416 2063; baseline 0.001 -19"><span class='ocrx_word' id='word_1_218' title='bbox 42 1997 264 2063; x_wconf 71' lang='lat' dir='ltr'>perfidus?</span> <span class='ocrx_word' id='word_1_219' title='bbox 293 1997 475 2043; x_wconf 81' lang='lat' dir='ltr'>haberet</span> <span class='ocrx_word' id='word_1_220' title='bbox 495 1997 581 2042; x_wconf 85' lang='lat' dir='ltr'>hoc</span> <span class='ocrx_word' id='word_1_221' title='bbox 600 1997 929 2060; x_wconf 78' lang='lat' dir='ltr'>blasphemator</span> <span class='ocrx_word' id='word_1_222' title='bbox 957 2003 1101 2045; x_wconf 66' lang='lat' dir='ltr'>meus)</span> <span class='ocrx_word' id='word_1_223' title='bbox 1130 2000 1307 2046; x_wconf 73' lang='lat' dir='ltr'>baberet</span> <span class='ocrx_word' id='word_1_224' title='bbox 1332 2002 1416 2046; x_wconf 73' lang='lat' dir='ltr'>hoe</span> 
     </span>
     <span class='ocr_line' id='line_1_26' title="bbox 41 2068 1416 2132; baseline -0.001 -14"><span class='ocrx_word' id='word_1_225' title='bbox 41 2069 214 2118; x_wconf 84' lang='lat' dir='ltr'>infamis</span> <span class='ocrx_word' id='word_1_226' title='bbox 240 2068 428 2114; x_wconf 64' lang='lat' dir='ltr'>mimus?</span> <span class='ocrx_word' id='word_1_227' title='bbox 454 2068 636 2113; x_wconf 78' lang='lat' dir='ltr'>haberet</span> <span class='ocrx_word' id='word_1_228' title='bbox 670 2069 862 2113; x_wconf 79' lang='lat' dir='ltr'>meretrix</span> <span class='ocrx_word' id='word_1_229' title='bbox 897 2069 1119 2132; x_wconf 69' lang='lat' dir='ltr'>impudica</span> <span class='ocrx_word' id='word_1_230' title='bbox 1133 2076 1149 2117; x_wconf 65' lang='grc' dir='ltr'>ζ)</span> <span class='ocrx_word' id='word_1_231' title='bbox 1182 2072 1237 2116; x_wconf 78' lang='lat' dir='ltr'>lli</span> <span class='ocrx_word' id='word_1_232' title='bbox 1269 2091 1416 2117; x_wconf 78' lang='lat' dir='ltr'>omues</span> 
     </span>
     <span class='ocr_line' id='line_1_27' title="bbox 42 2138 1414 2198; baseline 0.001 -11"><span class='ocrx_word' id='word_1_233' title='bbox 42 2138 451 2189; x_wconf 72' lang='lat' dir='ltr'>hahe1·entaurun1,</span> <span class='ocrx_word' id='word_1_234' title='bbox 491 2139 523 2184; x_wconf 91' lang='lat' dir='ltr'>si</span> <span class='ocrx_word' id='word_1_235' title='bbox 553 2156 755 2198; x_wconf 82' lang='lat' dir='ltr'>maguum</span> <span class='ocrx_word' id='word_1_236' title='bbox 784 2139 949 2185; x_wconf 85' lang='lat' dir='ltr'>honum</span> <span class='ocrx_word' id='word_1_237' title='bbox 980 2152 1085 2186; x_wconf 79' lang='lat' dir='ltr'>esset</span> <span class='ocrx_word' id='word_1_238' title='bbox 1120 2147 1298 2189; x_wconf 60' lang='grc' dir='ltr'>ιιειιῑειιιῖ)</span> <span class='ocrx_word' id='word_1_239' title='bbox 1331 2144 1414 2189; x_wconf 74' lang='lat' dir='ltr'>Sed</span> 
     </span>
     <span class='ocr_line' id='line_1_28' title="bbox 42 2209 1408 2269; baseline 0.002 -12"><span class='ocrx_word' id='word_1_240' title='bbox 42 2209 153 2258; x_wconf 74' lang='lat' dir='ltr'>dicis</span> <span class='ocrx_word' id='word_1_241' title='bbox 177 2210 421 2256; x_wconf 77' lang='lat' dir='ltr'>mihizNon</span> <span class='ocrx_word' id='word_1_242' title='bbox 441 2221 502 2255; x_wconf 84' lang='lat' dir='ltr'>est</span> <span class='ocrx_word' id='word_1_243' title='bbox 524 2227 622 2269; x_wconf 82' lang='lat' dir='ltr'>ergo</span> <span class='ocrx_word' id='word_1_244' title='bbox 653 2210 816 2256; x_wconf 85' lang='lat' dir='ltr'>bonum</span> <span class='ocrx_word' id='word_1_245' title='bbox 843 2216 1028 2258; x_wconf 60' lang='lat' dir='ltr'>aurum?</span> <span class='ocrx_word' id='word_1_246' title='bbox 1054 2215 1148 2258; x_wconf 80' lang='lat' dir='ltr'>lino</span> <span class='ocrx_word' id='word_1_247' title='bbox 1176 2214 1186 2258; x_wconf 90' lang='lat' dir='ltr'>l</span> <span class='ocrx_word' id='word_1_248' title='bbox 1210 2234 1245 2259; x_wconf 72' lang='lat' dir='ltr'>¹¹z</span> <span class='ocrx_word' id='word_1_249' title='bbox 1272 2226 1408 2260; x_wconf 68' lang='lat' dir='ltr'>;.:.1·:st</span> 
     </span>
     <span class='ocr_line' id='line_1_29' title="bbox 45 2280 1414 2330; baseline 0.001 -2"><span class='ocrx_word' id='word_1_250' title='bbox 45 2297 213 2328; x_wconf 71' lang='lat' dir='ltr'>nurum.</span> <span class='ocrx_word' id='word_1_251' title='bbox 239 2280 322 2326; x_wconf 88' lang='lat' dir='ltr'>Sed</span> <span class='ocrx_word' id='word_1_252' title='bbox 342 2280 452 2326; x_wconf 85' lang='lat' dir='ltr'>mala</span> <span class='ocrx_word' id='word_1_253' title='bbox 470 2280 635 2326; x_wconf 80' lang='lat' dir='ltr'>faciunt</span> <span class='ocrx_word' id='word_1_254' title='bbox 657 2280 709 2326; x_wconf 86' lang='lat' dir='ltr'>de</span> <span class='ocrx_word' id='word_1_255' title='bbox 729 2281 844 2326; x_wconf 88' lang='lat' dir='ltr'>bono</span> <span class='ocrx_word' id='word_1_256' title='bbox 859 2298 963 2326; x_wconf 80' lang='lat' dir='ltr'>auro</span> <span class='ocrx_word' id='word_1_257' title='bbox 979 2283 1074 2328; x_wconf 81' lang='lat' dir='ltr'>mali</span> <span class='ocrx_word' id='word_1_258' title='bbox 1090 2302 1099 2328; x_wconf 94' lang='lat'><strong>:</strong></span> <span class='ocrx_word' id='word_1_259' title='bbox 1114 2285 1225 2330; x_wconf 70' lang='lat' dir='ltr'>bona</span> <span class='ocrx_word' id='word_1_260' title='bbox 1250 2288 1258 2330; x_wconf 76' lang='grc' dir='ltr'>ί</span> <span class='ocrx_word' id='word_1_261' title='bbox 1279 2287 1414 2330; x_wconf 51' lang='lat' dir='ltr'>:siunt</span> 
     </span>
     <span class='ocr_line' id='line_1_30' title="bbox 43 2349 1413 2415; baseline 0.001 -17"><span class='ocrx_word' id='word_1_262' title='bbox 43 2349 99 2398; x_wconf 76' lang='lat' dir='ltr'>de</span> <span class='ocrx_word' id='word_1_263' title='bbox 118 2351 236 2398; x_wconf 85' lang='lat' dir='ltr'>hono</span> <span class='ocrx_word' id='word_1_264' title='bbox 259 2367 362 2396; x_wconf 84' lang='lat' dir='ltr'>auro</span> <span class='ocrx_word' id='word_1_265' title='bbox 387 2350 507 2397; x_wconf 83' lang='lat' dir='ltr'>boni.</span> <span class='ocrx_word' id='word_1_266' title='bbox 541 2350 654 2407; x_wconf 76' lang='lat' dir='ltr'>Quia</span> <span class='ocrx_word' id='word_1_267' title='bbox 681 2368 780 2410; x_wconf 75' lang='lat' dir='ltr'>ergo</span> <span class='ocrx_word' id='word_1_268' title='bbox 804 2351 920 2397; x_wconf 74' lang='lat' dir='ltr'>vides</span> <span class='ocrx_word' id='word_1_269' title='bbox 942 2354 1104 2415; x_wconf 78' lang='lat' dir='ltr'>quibus</span> <span class='ocrx_word' id='word_1_270' title='bbox 1126 2373 1171 2399; x_wconf 73' lang='lat' dir='ltr'>ea</span> <span class='ocrx_word' id='word_1_271' title='bbox 1193 2354 1384 2401; x_wconf 78' lang='lat' dir='ltr'>dederim</span> <span class='ocrx_word' id='word_1_272' title='bbox 1403 2375 1413 2405; x_wconf 64' lang='grc' dir='ltr'>ς</span> 
     </span>
     <span class='ocr_line' id='line_1_31' title="bbox 43 2421 1413 2488; baseline 0.001 -19"><span class='ocrx_word' id='word_1_273' title='bbox 43 2421 220 2470; x_wconf 80' lang='lat' dir='ltr'>meliora</span> <span class='ocrx_word' id='word_1_274' title='bbox 244 2432 342 2485; x_wconf 77' lang='lat' dir='ltr'>pete</span> <span class='ocrx_word' id='word_1_275' title='bbox 365 2440 387 2467; x_wconf 88' lang='lat' dir='ltr'>a</span> <span class='ocrx_word' id='word_1_276' title='bbox 414 2438 503 2472; x_wconf 75' lang='lat' dir='ltr'>me,</span> <span class='ocrx_word' id='word_1_277' title='bbox 535 2425 695 2480; x_wconf 74' lang='lat' dir='ltr'>majora</span> <span class='ocrx_word' id='word_1_278' title='bbox 732 2433 827 2485; x_wconf 67' lang='lat' dir='ltr'>pete</span> <span class='ocrx_word' id='word_1_279' title='bbox 851 2431 986 2471; x_wconf 66' lang='lat' dir='ltr'>aine.</span> <span class='ocrx_word' id='word_1_280' title='bbox 1023 2426 1230 2487; x_wconf 72' lang='lat' dir='ltr'>spiritalia</span> <span class='ocrx_word' id='word_1_281' title='bbox 1266 2437 1360 2488; x_wconf 77' lang='lat' dir='ltr'>pete</span> <span class='ocrx_word' id='word_1_282' title='bbox 1392 2445 1413 2470; x_wconf 72' lang='lat' dir='ltr'>a</span> 
     </span>
     <span class='ocr_line' id='line_1_32' title="bbox 46 2493 641 2556; baseline -0.002 -17"><span class='ocrx_word' id='word_1_283' title='bbox 46 2507 132 2549; x_wconf 83' lang='lat' dir='ltr'>me,</span> <span class='ocrx_word' id='word_1_284' title='bbox 154 2493 296 2556; x_wconf 83' lang='lat' dir='ltr'>ipsum</span> <span class='ocrx_word' id='word_1_285' title='bbox 317 2508 383 2537; x_wconf 86' lang='lat' dir='ltr'>me</span> <span class='ocrx_word' id='word_1_286' title='bbox 404 2503 498 2555; x_wconf 79' lang='lat' dir='ltr'>pete</span> <span class='ocrx_word' id='word_1_287' title='bbox 518 2510 540 2537; x_wconf 84' lang='lat' dir='ltr'>a</span> <span class='ocrx_word' id='word_1_288' title='bbox 562 2509 641 2538; x_wconf 76' lang='lat' dir='ltr'>me.</span> 
     </span>
     <span class='ocr_line' id='line_1_33' title="bbox 110 2561 1413 2627; baseline 0.002 -20"><span class='ocrx_word' id='word_1_289' title='bbox 110 2562 226 2609; x_wconf 82' lang='lat' dir='ltr'>xlv.</span> <span class='ocrx_word' id='word_1_290' title='bbox 270 2561 352 2606; x_wconf 64' lang='lat' dir='ltr'>Sed</span> <span class='ocrx_word' id='word_1_291' title='bbox 383 2561 510 2610; x_wconf 78' lang='lat' dir='ltr'>mala.</span> <span class='ocrx_word' id='word_1_292' title='bbox 537 2561 699 2624; x_wconf 76' lang='lat' dir='ltr'>inquis,</span> <span class='ocrx_word' id='word_1_293' title='bbox 726 2563 833 2607; x_wconf 75' lang='lat' dir='ltr'>fiunt</span> <span class='ocrx_word' id='word_1_294' title='bbox 861 2563 902 2608; x_wconf 85' lang='lat' dir='ltr'>iu</span> <span class='ocrx_word' id='word_1_295' title='bbox 933 2565 1111 2616; x_wconf 70' lang='lat' dir='ltr'>tumido,</span> <span class='ocrx_word' id='word_1_296' title='bbox 1137 2582 1301 2627; x_wconf 76' lang='lat' dir='ltr'>aspera.</span> <span class='ocrx_word' id='word_1_297' title='bbox 1328 2565 1413 2609; x_wconf 73' lang='lat' dir='ltr'>im-</span> 
     </span>
     <span class='ocr_line' id='line_1_34' title="bbox 0 2629 1411 2689; baseline -0.002 -8"><span class='ocrx_word' id='word_1_298' title='bbox 0 2629 2 2635; x_wconf 67' lang='grc'><strong>’</strong></span> <span class='ocrx_word' id='word_1_299' title='bbox 47 2631 228 2689; x_wconf 86' lang='lat' dir='ltr'>munda,</span> <span class='ocrx_word' id='word_1_300' title='bbox 254 2631 414 2678; x_wconf 81' lang='lat' dir='ltr'>odiosa.</span> <span class='ocrx_word' id='word_1_301' title='bbox 452 2630 611 2677; x_wconf 82' lang='lat' dir='ltr'>Foedus</span> <span class='ocrx_word' id='word_1_302' title='bbox 633 2642 712 2682; x_wconf 82' lang='lat' dir='ltr'>est,</span> <span class='ocrx_word' id='word_1_303' title='bbox 744 2650 828 2678; x_wconf 84' lang='lat' dir='ltr'>nou</span> <span class='ocrx_word' id='word_1_304' title='bbox 855 2645 1033 2680; x_wconf 78' lang='lat' dir='ltr'>ametur.</span> <span class='ocrx_word' id='word_1_305' title='bbox 1067 2635 1178 2678; x_wconf 68' lang='lat' dir='ltr'>Ecce</span> <span class='ocrx_word' id='word_1_306' title='bbox 1209 2633 1301 2679; x_wconf 71' lang='lat' dir='ltr'>talis·</span> <span class='ocrx_word' id='word_1_307' title='bbox 1333 2646 1411 2686; x_wconf 77' lang='lat' dir='ltr'>est,</span> 
     </span>
    </p>
   </div>
   <div class='ocr_carea' id='block_1_3' title="bbox 0 772 47 2718">
    <p class='ocr_par' dir='ltr' id='par_1_3' title="bbox 0 772 47 2718">
     <span class='ocr_line' id='line_1_35' title="bbox 0 772 12 973; baseline 0 -76"><span class='ocrx_word' id='word_1_308' title='bbox 0 772 12 973; x_wconf 95' lang='lat' dir='ltr'>   </span> 
     </span>
     <span class='ocr_line' id='line_1_36' title="bbox 0 973 13 1040; baseline 0 2196"><span class='ocrx_word' id='word_1_309' title='bbox 0 973 13 1040; x_wconf 95' lang='lat' dir='ltr'> </span> 
     </span>
     <span class='ocr_line' id='line_1_37' title="bbox 0 1040 15 1110; baseline 0 2126"><span class='ocrx_word' id='word_1_310' title='bbox 0 1040 15 1110; x_wconf 95' lang='lat' dir='ltr'> </span> 
     </span>
     <span class='ocr_line' id='line_1_38' title="bbox 0 1110 16 1178; baseline 0 2058"><span class='ocrx_word' id='word_1_311' title='bbox 0 1110 16 1178; x_wconf 95' lang='lat' dir='ltr'> </span> 
     </span>
     <span class='ocr_line' id='line_1_39' title="bbox 0 1178 17 1249; baseline 0 1987"><span class='ocrx_word' id='word_1_312' title='bbox 0 1178 17 1249; x_wconf 95' lang='lat' dir='ltr'> </span> 
     </span>
     <span class='ocr_line' id='line_1_40' title="bbox 0 1249 18 1324; baseline 0 1912"><span class='ocrx_word' id='word_1_313' title='bbox 0 1249 18 1324; x_wconf 95' lang='lat' dir='ltr'> </span> 
     </span>
     <span class='ocr_line' id='line_1_41' title="bbox 0 1324 20 1389; baseline 0 1847"><span class='ocrx_word' id='word_1_314' title='bbox 0 1324 20 1389; x_wconf 95' lang='lat' dir='ltr'> </span> 
     </span>
     <span class='ocr_line' id='line_1_42' title="bbox 0 1389 21 1460; baseline 0 1776"><span class='ocrx_word' id='word_1_315' title='bbox 0 1389 21 1460; x_wconf 95' lang='lat' dir='ltr'> </span> 
     </span>
     <span class='ocr_line' id='line_1_43' title="bbox 0 1460 24 1601; baseline 0 0"><span class='ocrx_word' id='word_1_316' title='bbox 0 1460 24 1601; x_wconf 95' lang='lat' dir='ltr'>  </span> 
     </span>
     <span class='ocr_line' id='line_1_44' title="bbox 0 1601 26 1673; baseline 0 1563"><span class='ocrx_word' id='word_1_317' title='bbox 0 1601 26 1673; x_wconf 95' lang='lat' dir='ltr'> </span> 
     </span>
     <span class='ocr_line' id='line_1_45' title="bbox 0 1673 27 1748; baseline 0 1488"><span class='ocrx_word' id='word_1_318' title='bbox 0 1673 27 1748; x_wconf 95' lang='lat' dir='ltr'> </span> 
     </span>
     <span class='ocr_line' id='line_1_46' title="bbox 0 1748 29 1815; baseline 0 1421"><span class='ocrx_word' id='word_1_319' title='bbox 0 1748 29 1815; x_wconf 95' lang='lat' dir='ltr'> </span> 
     </span>
     <span class='ocr_line' id='line_1_47' title="bbox 0 1815 30 1886; baseline 0 1350"><span class='ocrx_word' id='word_1_320' title='bbox 0 1815 30 1886; x_wconf 95' lang='lat' dir='ltr'> </span> 
     </span>
     <span class='ocr_line' id='line_1_48' title="bbox 0 1886 31 1954; baseline 0 1282"><span class='ocrx_word' id='word_1_321' title='bbox 0 1886 31 1954; x_wconf 95' lang='lat' dir='ltr'> </span> 
     </span>
     <span class='ocr_line' id='line_1_49' title="bbox 0 1954 32 2024; baseline 0 1212"><span class='ocrx_word' id='word_1_322' title='bbox 0 1954 32 2024; x_wconf 95' lang='lat' dir='ltr'> </span> 
     </span>
     <span class='ocr_line' id='line_1_50' title="bbox 0 2024 34 2096; baseline 0 1140"><span class='ocrx_word' id='word_1_323' title='bbox 0 2024 34 2096; x_wconf 95' lang='lat' dir='ltr'> </span> 
     </span>
     <span class='ocr_line' id='line_1_51' title="bbox 0 2096 35 2164; baseline 0 1072"><span class='ocrx_word' id='word_1_324' title='bbox 0 2096 35 2164; x_wconf 95' lang='lat' dir='ltr'> </span> 
     </span>
     <span class='ocr_line' id='line_1_52' title="bbox 0 2164 36 2228; baseline 0 1008"><span class='ocrx_word' id='word_1_325' title='bbox 0 2164 36 2228; x_wconf 95' lang='lat' dir='ltr'> </span> 
     </span>
     <span class='ocr_line' id='line_1_53' title="bbox 0 2228 38 2299; baseline 0 937"><span class='ocrx_word' id='word_1_326' title='bbox 0 2228 38 2299; x_wconf 95' lang='lat' dir='ltr'> </span> 
     </span>
     <span class='ocr_line' id='line_1_54' title="bbox 0 2299 41 2448; baseline 0 -93"><span class='ocrx_word' id='word_1_327' title='bbox 0 2299 41 2448; x_wconf 95' lang='lat' dir='ltr'>  </span> 
     </span>
     <span class='ocr_line' id='line_1_55' title="bbox 1 2448 47 2718; baseline 0 -131"><span class='ocrx_word' id='word_1_328' title='bbox 1 2448 47 2718; x_wconf 95' lang='lat' dir='ltr'>    </span> 
     </span>
    </p>
   </div>
  </div>
 </body>
</html>
