1899 3241
246 375 390 406 SERMo
427 370 564 411 eccll,
603 370 651 400 IN
690 368 996 400 SOLEMNITATE
1034 370 1070 400 S.
1113 368 1367 401 LAURENTII.
1443 352 1502 416 57

125 444 216 488 est?
234 440 496 487 Hesternum
510 436 625 482 diem
642 452 768 481 nemo
788 446 961 482 revocat
985 453 995 481 :
1018 434 1254 481 hodiernus
1273 454 1295 481 a
1313 435 1500 482 crastino

125 522 324 572 urgetur,
345 521 395 557 ut
416 517 617 555 transeat.
646 507 748 570 Ipso
765 524 901 570 parvo
926 506 1067 570 spatio
1084 506 1196 551 bene
1218 506 1438 562 vivamus,
1461 516 1504 551 et

123 583 197 629 illo
221 599 392 638 eamus,
420 579 534 626 unde
556 595 644 623 non
678 587 956 623 transeamus.
991 577 1047 621 Et
1070 576 1201 622 modo
1225 593 1327 622 cum
1350 576 1497 639 loqui-

124 670 223 699 mur
244 652 393 716 utique
428 649 674 696 transimus,
713 647 856 693 Verba
890 658 1097 703 currunt,
1127 664 1176 692 ex
1203 663 1274 692 ore
1311 645 1460 692 volant
1487 664 1497 690 ε

122 723 183 769 sic
201 733 324 769 actus
346 720 506 776 nostri,
537 718 597 764 sie
626 718 813 764 honores
837 718 996 774 nostri,
1031 717 1091 762 sie
1126 716 1297 763 miseria
1321 726 1466 762 nostra
1486 753 1497 772 ,

124 794 184 840 sie
202 793 283 840 ista
307 792 488 838 felicitas
521 800 679 836 nostra.
712 791 874 835 Totum
905 789 1057 834 transit
1092 806 1102 833 :
1140 787 1213 833 sed
1248 804 1337 834 non
1364 804 1498 851 expa-

124 879 370 917 vescamus3
398 883 419 904 ε(
439 861 633 907 Verbum
658 859 836 905 Domini
853 869 999 906 manet
1015 859 1061 905 in
1083 857 1335 905 aeternum1.
1361 879 1380 899 >2

125 1065 244 1076 sumn-u
252 1065 306 1075 m
313 1065 367 1075 νει
374 1064 429 1074 ιιι
437 1065 452 1073 ι
459 1065 491 1074 ιι
500 1064 554 1074 υς,-
561 1063 679 1074 ιιιιιῆ
687 1061 1055 1073 ψιςιπωιιιᾋὶω
1062 1062 1116 1072 m
1123 1060 1242 1072 vnn-‚tx
1248 1060 1368 1071 ”sanz
1375 1059 1493 1071 mnes-s

580 1201 786 1246 SERMO
826 1201 992 1246 CCCII
1012 1201 1046 1247 2.

319 1350 375 1391 ln
399 1344 696 1391 solemnitate
728 1350 953 1408 [Warffrc's
981 1346 1239 1402 Laurentii,
1268 1349 1301 1391 l.

190 1517 224 1564 Ι.
267 1520 405 1563 ΒΕΑΤΙ
429 1516 630 1580 martyris
660 1516 884 1562 Laurentii
915 1516 1003 1563 dies
1038 1516 1237 1563 solemnis
1266 1514 1506 1561 hodiernus

124 1597 198 1634 est.
240 1588 356 1634 Huic
393 1587 649 1634 solemnitati
685 1598 846 1634 sanetae
880 1588 1082 1634 lectiones
1107 1604 1310 1648 congruae
1344 1603 1503 1632 sonue-

126 1668 242 1704 runt.
276 1657 559 1714 Audivimus,
582 1668 623 1702 et
647 1658 918 1704 cantavimus
935 1696 945 1709 ,
971 1668 1011 1703 et
1033 1657 1337 1717 Evangelieam
1355 1656 1503 1703 lectio-

126 1746 222 1774 nem
266 1728 547 1774 intentissime
588 1729 849 1792 accepimus.
895 1730 1144 1793 Martyrum
1187 1745 1285 1788 ergo
1326 1727 1504 1787 vestigia

125 1798 340 1845 imitando
363 1810 591 1855 sectemur,
622 1816 675 1845 ne
702 1799 993 1845 solemnitates
1017 1817 1163 1845 eorum
1186 1797 1373 1844 inaniter
1389 1797 1504 1843 cele-

126 1871 314 1918 bremus.
349 1872 486 1930 Cujus
511 1881 654 1916 autem
674 1872 817 1916 meriti
836 1872 889 1916 sit
913 1882 1172 1916 memoratus
1196 1871 1384 1933 Martyr,
1407 1869 1502 1932 quis

126 1942 327 2000 ignorat?
348 1940 458 1998 Quis
476 1942 540 1986 ibi
565 1942 732 1998 oravit,
752 1953 795 1987 et
812 1959 899 1986 non
914 1942 1193 2005 impetravit?
1222 1940 1365 1997 Quam
1391 1938 1501 1985 mul-

126 2011 178 2056 tis
195 2011 377 2056 infirmis
396 2011 595 2056 meritum
623 2015 713 2070 ejtts
732 2011 861 2056 etiam
893 2010 1143 2074 temporalia
1161 2010 1371 2055 beneficia
1390 2026 1502 2072 prze-

126 2082 259 2138 stitit,
290 2099 389 2145 qua:
406 2082 477 2126 ille
503 2083 778 2144 contempsit.
811 2084 1023 2127 Concessa
1047 2092 1148 2127 sunt
1166 2081 1278 2126 enim
1298 2118 1309 2136 ,
1345 2097 1431 2125 non
1456 2090 1503 2125 ut

129 2152 397 2216 precantium
434 2162 704 2215 permaneret
737 2153 993 2205 infirmitas;
1031 2153 1103 2198 sed
1138 2163 1185 2197 nt
1217 2151 1501 2197 deterioribus

125 2223 360 2279 concessis,
395 2240 515 2269 amor
551 2224 671 2268 fieret
701 2223 755 2269 ad
785 2223 1027 2287 appetenda
1057 2223 1246 2269 meliora.
1283 2221 1499 2279 Quaedam

124 2295 238 2340 enim
257 2294 513 2358 plerumque
535 2312 668 2358 parva
693 2305 733 2339 et
758 2294 926 2340 ludicra
945 2294 1145 2339 coneedit
1162 2304 1285 2357 patei·
1313 2291 1500 2356 parvulis

127 2365 246 2422 filiis,
275 2382 374 2429 quae
395 2366 576 2411 maxime
593 2403 603 2421 ‚
626 2365 706 2410 nisi
730 2366 1002 2428 acceperint,
1029 2364 1213 2428 plorant.
1244 2363 1436 2422 Benigna
1455 2373 1497 2406 et,

126 2446 303 2498 paterna
322 2435 590 2495 indulgentia
615 2436 711 2481 lnee
731 2436 925 2499 impertit
944 2473 954 2488 ,
982 2436 1078 2481 lia-e.
1107 2435 1263 2485 donat,
1291 2451 1390 2497 qua·
1412 2450 1497 2478 non

124 2505 219 2551 vult
245 2523 493 2569 permanere
516 2507 561 2552 in
586 2506 684 2552 filiis
707 2507 793 2552 suis
818 2510 909 2565 jam
938 2505 1277 2565 grandittsvulis,
1293 2509 1382 2563 jznn
1402 2520 1501 2566 pro-

127 2577 390 2626 ficientibus,
413 2578 558 2624 Donat
574 2595 672 2638 ergo
695 2578 838 2641 pueris
858 2595 1009 2635 mutes,
1026 2578 1188 2642 quibus
1204 2586 1342 2622 servat
1364 2575 1499 2621 haere-

174 2683 184 2707 ¹
205 2683 277 2717 lsai.
295 2694 347 2724 xa,
369 2686 401 2717 8.
418 2702 462 2710 —-
483 2683 497 2706 2
513 2685 599 2717 Alias
619 2685 658 2717 de
676 2685 816 2718 Diversis
836 2696 846 2716 ι
859 2698 868 2717 ι
882 2698 909 2718 ι.
