1942 3272
494 290 587 354 274
915 306 949 338 s,
993 306 1235 341 Aususrim
1270 309 1477 342 EPISCOPI

493 486 1412 499 ωιτῦιιὶικιιιὶιιπιιικιὶιιὶῑιιιῃωωωω
1415 487 1784 500 xxxxxxxxxxxxxxxx
1788 489 1849 502 m

882 625 1087 672 SERMO
1126 625 1464 676 CCCXLV111.

946 770 1018 811 De
1048 768 1210 812 timore
1230 770 1347 826 Dei,
1371 772 1410 815 J.

552 938 588 986 I.
630 939 790 983 Mum
830 936 980 993 nobis,
1017 936 1169 981 fratres
1190 973 1201 992 ‚
1240 935 1294 981 de
1337 936 1416 982 Dei
1457 937 1611 983 timore
1645 949 1868 1002 praecepta

485 1020 608 1065 sunt,
634 1019 677 1054 et
715 1024 848 1071 quam
879 1007 932 1052 sit
966 1006 1070 1052 utile
1101 1007 1250 1052 timere
1282 1010 1454 1062 Deum,
1492 1007 1869 1055 innumerabiliter

486 1080 634 1127 divina
660 1078 844 1141 Eloquia
868 1087 1119 1123 sonuerunt.
1146 1078 1207 1121 Ex
1228 1093 1315 1140 qua
1334 1077 1552 1122 uberrima
1577 1079 1702 1141 eopia
1724 1096 1867 1142 pauca

483 1168 553 1196 me
568 1159 997 1204 commemorantem„
1016 1157 1058 1194 et
1077 1147 1131 1192 ad
1149 1164 1214 1203 ea,
1234 1158 1444 1211 quantum
1460 1165 1540 1211 pro
1558 1149 1760 1211 temporis
1770 1149 1867 1195 bre-

481 1221 614 1266 vitate
638 1230 821 1284 potuero
838 1256 848 1275 ,
872 1217 1148 1263 disserentem
1170 1216 1357 1262 libenter
1387 1217 1609 1265 advertite.
1647 1219 1756 1275 Quis
1779 1237 1867 1265 non

482 1291 721 1355 sapientem
739 1307 781 1336 se
807 1307 894 1335 esse
915 1289 1112 1344 laetetur,
1140 1299 1215 1334 aut
1233 1289 1265 1334 si
1297 1289 1494 1334 nondum
1516 1299 1577 1334 est
1594 1327 1605 1346 ,
1635 1306 1720 1335 6556
1749 1289 1867 1336 desi-

482 1362 632 1408 deret?
656 1361 742 1407 Sed
772 1360 879 1424 quid
904 1360 1012 1406 dicit
1036 1359 1290 1422 Scriptura?
1315 1359 1535 1405 «Initium
1561 1360 1785 1423 sapientiae
1804 1361 1866 1406 ti-

481 1454 503 1476 »
522 1450 617 1478 mor
640 1432 858 1478 Domini2.
885 1452 904 1471 ³)
925 1431 1067 1487 Quem
1086 1447 1173 1475 non
1189 1446 1365 1490 regnare
1384 1429 1594 1476 delectet?
1613 1430 1699 1477 Sed
1718 1431 1865 1478 audia-

481 1522 578 1550 mus
591 1504 699 1568 quid
712 1504 758 1550 in
782 1503 955 1549 Psalmo
978 1502 1167 1566 Spiritus
1191 1513 1364 1547 moneat
1387 1520 1397 1547 t
1433 1523 1453 1543 α
1475 1503 1531 1547 Et
1558 1519 1695 1558 nuuc⁷
1726 1520 1860 1564 reges,

482 1596 504 1617 »
523 1575 773 1635 intelligite,
801 1573 1035 1620 erudimini
1059 1573 1133 1636 qui
1146 1572 1357 1633 judicatis
1374 1583 1530 1618 terram
1555 1591 1565 1618 t
1597 1574 1748 1619 servite
1770 1575 1865 1619 Do-

482 1667 504 1688 »
522 1646 642 1691 mino
666 1645 712 1690 in
728 1645 882 1690 timore
899 1682 909 1701 ‚
930 1654 972 1689 et
994 1644 1178 1689 exultate
1198 1643 1235 1688 ei
1256 1660 1356 1689 cum
1385 1644 1608 1691 tremoress.
1634 1665 1654 1685 n
1676 1644 1801 1690 Unde
1823 1655 1865 1689 et

482 1715 715 1780 Apostolus
735 1714 844 1762 dicit
865 1733 875 1760 ι
904 1736 924 1756 «
946 1719 1059 1761 Cum
1080 1714 1233 1759 timore
1259 1725 1301 1759 et
1326 1725 1510 1760 tremore
1533 1725 1717 1761 vestram
1740 1715 1864 1778 ipso-

481 1808 502 1828 »
523 1803 622 1832 rum
650 1786 831 1832 salutem
865 1783 1150 1848 operamini&
1177 1805 1196 1825 ›>
1221 1785 1425 1844 Legimus
1454 1786 1583 1832 etiam
1614 1785 1825 1849 scriptum
1848 1803 1859 1831 x

480 1856 776 1919 «Concupisti
811 1856 1091 1919 sapientiam,
1131 1873 1250 1902 serva
1286 1856 1527 1915 justitiam,
1569 1866 1611 1902 et.
1649 1856 1864 1902 Dominus

480 1927 746 1991 »praebebit
771 1926 887 1972 illam
912 1926 1034 1973 tibi5.
1058 1948 1079 1968 ³>
1117 1927 1276 1972 Multos
1310 1927 1425 1972 enim
1451 1927 1688 1990 reperimus
1722 1926 1864 1987 negli-

482 1998 749 2059 gentissimos
769 1998 973 2057 justitia),
1001 2008 1043 2043 et
1067 1998 1333 2044 avidissimos
1360 1998 1598 2062 sapientise.
1629 1998 1719 2043 Hos
1737 1997 1864 2043 docet

483 2069 711 2133 Scriptura
733 2068 880 2114 divina
899 2069 1124 2131 pervenire
1148 2086 1236 2114 non
1270 2086 1392 2131 posse
1425 2068 1480 2113 ad
1507 2068 1553 2114 id
1584 2068 1703 2132 quod
1728 2084 1868 2131 appe—

480 2150 604 2196 tunt,
642 2139 725 2184 nisi
756 2139 966 2185 servando
1009 2139 1127 2201 quod
1166 2138 1404 2198 negligunt.
1452 2160 1472 2180 α
1502 2139 1662 2195 Serva,
1697 2139 1866 2201 inquit,

485 2209 732 2270 »Justitiam
757 2219 798 2253 et
827 2208 1049 2271 praebebit
1069 2208 1190 2254 illam
1215 2209 1298 2253 tibi
1331 2209 1544 2254 Dominus
1561 2246 1572 2266 ,
1600 2226 1733 2272 quam
1759 2226 1870 2254 con-

482 2279 688 2343 »cupisti
721 2279 994 2342 sapientiam.
1022 2301 1042 2320 η
1082 2280 1192 2335 Quis
1228 2290 1371 2325 autem
1405 2290 1571 2343 potest,
1610 2280 1693 2325 nisi
1729 2280 1869 2325 Deum

483 2351 663 2405 timeat,
694 2366 860 2395 servare
878 2350 1129 2409 justitiam?
1154 2350 1272 2395 Dicit
1295 2350 1410 2395 enim
1443 2350 1527 2397 alio
1554 2350 1650 2396 loco
1675 2368 1686 2395 :
1715 2372 1734 2391 α
1757 2351 1869 2395 Nam

484 2442 508 2464 2>
526 2421 604 2484 qui
626 2420 715 2465 sine
738 2419 892 2464 timore
911 2431 997 2476 est,
1024 2438 1111 2466 non
1130 2421 1292 2484 poterit
1314 2421 1588 2480 justificariss.
1616 2441 1635 2461 »
1668 2420 1806 2464 Porro
1835 2419 1870 2464 si

483 2492 700 2541 Dominus
722 2508 810 2537 non
824 2491 996 2555 praebet
1018 2492 1299 2555 sapientiam,
1326 2491 1406 2536 nisi
1429 2490 1618 2538 servanti
1632 2490 1865 2550 justitiam,

531 2595 543 2616 ¹
559 2592 647 2624 Alias
671 2603 722 2632 17,
741 2591 781 2623 de
795 2590 925 2623 Sanctis.
939 2610 985 2615 -
1002 2589 1017 2612 2
1039 2591 1119 2622 Psal.
1147 2602 1199 2628 cx,
1230 2602 1284 2633 10,
1304 2596 1335 2622 et
1350 2591 1443 2623 Eccli.
1464 2604 1486 2629 1,
1510 2592 1564 2628 16.
1579 2607 1626 2615 -
1639 2587 1653 2615 3
1667 2589 1747 2624 Psal.
1762 2600 1799 2631 11,
1818 2600 1867 2630 10,

488 2657 601 2680 11.·—
615 2642 631 2670 4
651 2644 767 2689 Philip.
783 2655 819 2685 11,
842 2655 893 2679 12.
910 2661 956 2667 —
976 2642 990 2669 ⁵
1008 2643 1102 2678 Eccli.
1120 2656 1145 2689 1,
1167 2645 1221 2679 33.
1235 2660 1281 2668 -—-
1296 2640 1311 2667 0·
1329 2643 1414 2680 Ibid.
1437 2646 1493 2677 28.
