1894 3236
239 307 380 337 statmo
417 307 604 349 CCCXXX,
644 309 689 339 IN
727 308 885 339 NATALI
922 310 1182 343 MARTYRtixt.
1318 316 1402 363 177

35 370 255 418 erubuerit
275 371 552 417 conscientiae
579 390 680 420 suae.
717 377 828 434 Ergo
855 373 955 436 quia
982 378 1243 440 contempsit
1267 379 1409 427 Deum

35 455 83 489 ut
106 453 266 488 amaret
285 459 344 497 se,
363 442 549 488 amando
559 443 661 490 foris
675 444 793 508 quod
807 462 894 489 non
914 456 975 489 est
998 445 1089 508 ipse
1107 484 1117 503 ,
1145 452 1404 513 contempsit

36 524 77 559 et
99 530 152 559 se.
181 512 352 569 Videte,
371 512 516 558 audite
540 514 791 578 Apostolum
816 514 920 559 huic
944 516 1086 560 sensui
1112 518 1408 566 testimonium

36 583 341 648 perhibentem
362 600 372 627 :
398 604 417 623 α
437 584 489 628 In
507 583 765 641 novissimis,
787 584 946 647 inquit,
977 586 1247 648 temporibus
1270 587 1407 635 insta-

40 653 196 699 »bunt
237 663 429 716 tempora
455 653 711 716 periculosa.
744 676 764 695 ›>
799 654 910 711 Quae
932 664 1032 699 sunt
1061 665 1255 720 tempora
1287 660 1408 722 peri-

40 723 212 782 culosa?
232 745 251 764 <‹
266 724 403 768 Erunt
412 723 609 769 homines
633 741 674 768 se
691 724 808 787 ipsos
825 733 1028 770 amantes.
1053 746 1073 765 2>
1093 729 1187 771 Hoc
1200 738 1259 772 est
1275 743 1409 792 caput

0 808 2 839 τ
40 793 156 840 mali.
182 793 414 838 Videamus
443 810 542 852 ergo
567 794 600 838 si
625 804 847 839 remanent
865 792 939 839 -vel
964 793 1009 838 in
1032 811 1098 850 se,
1129 798 1315 844 amando
1341 817 1408 853 se;

0 856 1 862 ¹
41 863 289 919 videamus,
326 862 550 908 audiamus
584 863 702 926 quod
740 866 931 926 sequitur
958 881 969 908 ε
999 885 1019 906 α
1045 865 1209 923 Erunt,
1240 868 1380 931 inquit
1401 909 1412 925 ,

44 955 65 976 >2
89 933 284 979 homines
311 951 352 979 se
378 934 492 996 ipsos
519 944 708 979 amantes
727 971 737 989 ,
767 944 976 979 amatores
1001 937 1201 998 pecunias
1221 937 1253 985 1.
1281 961 1300 980 »
1326 941 1413 989 Ubi

43 1021 86 1049 es
107 1004 236 1066 quite
251 1004 452 1049 amabas?
471 1005 634 1066 Nempe
656 1004 758 1049 foris
780 1021 835 1050 eS.
863 1005 986 1063 Rogo
1003 1014 1057 1061 te,
1081 1009 1267 1068 pecunia
1289 1028 1414 1057 num-

45 1073 151 1136 quid
182 1084 228 1118 tu
252 1076 320 1119 es'?
341 1074 505 1136 Nempe
531 1074 605 1135 qui
631 1073 824 1133 neglecto
853 1074 940 1118 Deo
969 1076 1120 1120 amasti
1146 1087 1205 1133 te,
1231 1082 1416 1128 amando

43 1143 273 1206 pecuniam
302 1141 523 1188 deseruisti
556 1152 597 1186 et
627 1152 680 1188 te.
713 1143 838 1187 Prius
873 1142 1119 1200 deseruisti,
1143 1159 1288 1209 postea
1311 1169 1415 1214 per-

44 1212 205 1259 didisti.
234 1212 349 1257 Fecit
369 1211 482 1257 enim
506 1228 626 1257 amor
645 1212 862 1274 pecuniae,
892 1223 938 1256 ut
958 1212 1155 1275 perderes
1175 1228 1226 1264 te.
1256 1221 1415 1267 Menti-

43 1283 100 1328 ris
124 1293 301 1346 ·propter
324 1282 554 1346 pecuniam
584 1299 593 1325 ε
624 1303 642 1322 c<
664 1282 725 1326 Os
745 1281 862 1345 quod
884 1283 1106 1339 mentitur,
1134 1288 1296 1334 occidit
1319 1293 1417 1337 ani-

44 1354 232 1400 »mam2.
259 1374 278 1394 »
298 1353 409 1398 Ecce
421 1369 520 1398 cum
533 1352 692 1415 quaeris
714 1353 964 1415 pecuniam,
983 1353 1209 1416 perdidisti
1229 1361 1418 1410 animam

44 1434 177 1471 tuam.
212 1423 355 1470 Profer
383 1423 590 1468 trutinam
622 1423 830 1475 veritatis,
852 1440 936 1468 non
957 1424 1209 1487 cupiditatis
1238 1448 1246 1474 ι
1274 1433 1419 1495 profer

43 1506 262 1551 stateram,
292 1494 365 1540 sed
386 1493 591 1550 veritatis,
614 1512 700 1539 non
725 1493 980 1557 cupiditatis
1005 1513 1015 1539 ε
1047 1497 1215 1558 profer,
1238 1502 1417 1550 obsecro

46 1576 113 1622 te,
144 1579 185 1611 et
212 1583 326 1629 pone
347 1565 393 1610 in
424 1582 508 1610 una
539 1575 663 1628 parte
689 1564 918 1628 pecuniam
937 1603 947 1621 ,
979 1566 1023 1610 in
1045 1566 1175 1613 altera
1207 1572 1410 1623 animam.

43 1636 142 1681 Jam
176 1647 222 1682 tu
249 1635 485 1699 appendis,
519 1645 561 1680 et
594 1652 639 1680 ex
670 1635 910 1698 cupiditate
935 1635 1231 1686 fraudulentos
1264 1642 1420 1703 digitos

44 1706 229 1752 adhibes
248 1726 258 1760 ;
281 1706 345 1751 vis
365 1717 411 1751 ut
432 1716 593 1764 mergat
613 1722 711 1768 pars
731 1722 830 1768 quae
848 1705 983 1751 habet
1006 1710 1250 1769 pecuniam.
1276 1714 1413 1773 Pone,

44 1776 129 1822 noli
149 1775 394 1839 appendere
425 1793 435 1820 :
463 1775 659 1820 fraudem
674 1776 734 1819 vis
750 1775 888 1819 facere
907 1786 1109 1822 contraite
1131 1796 1140 1823 :
1162 1780 1286 1828 video
1310 1787 1417 1848 quid

45 1863 154 1906 agas.
180 1846 440 1909 Praeponere
453 1845 516 1889 vis
534 1844 762 1907 pecuniam
782 1845 937 1890 animae
960 1855 1072 1899 tuan
1094 1851 1264 1897 mentiri
1285 1872 1418 1920 prop-

44 1927 108 1962 ter
123 1916 259 1972 illam,
286 1915 463 1979 perdere
482 1915 621 1961 istam.
655 1915 790 1970 Pone,
820 1916 1192 1979 l)eusappendat;
1221 1924 1294 1985 qui
1315 1943 1413 1971 nes..

45 1987 105 2031 eit
134 1986 242 2041 falli,
270 2001 349 2031 nee
368 1984 530 2040 fallere,
553 1985 642 2048 ipse
668 1984 908 2047 appendat.
935 1985 1046 2031 Eece
1063 1987 1152 2050 ipse
1184 1996 1416 2055 appendit3

44 2056 142 2103 vide
166 2054 508 2119 appendentem,
533 2053 633 2099 audi
655 2055 969 2099 renuntiantem
999 2073 1008 2099 ε
1037 2079 1054 2095 «
1084 2059 1202 2113 Quid
1242 2065 1416 2124 prodest

44 2149 65 2170 »
87 2127 274 2182 homini,
292 2126 325 2171 si
346 2135 482 2170 totum
514 2124 724 2170 mundum
750 2125 942 2170 lueretur
964 2128 982 2170 ,3
1008 2147 1028 2166 »
1049 2127 1137 2172 Vox
1161 2129 1305 2178 divina
1332 2149 1411 2189 est,

44 2213 122 2244 vox
148 2207 210 2242 est
235 2195 544 2259 appendentis,
582 2212 659 2240 nee
691 2195 897 2248 sallentis3
927 2198 1234 2249 renuntiantis.
1259 2204 1415 2251 admo-

44 2268 197 2314 nentis.
229 2267 296 2311 'l'u
328 2266 371 2311 in
405 2283 488 2311 una
514 2275 633 2328 parte
658 2267 887 2328 pecuniam
917 2268 1130 2329 ponebas,
1155 2272 1256 2317 etin
1283 2274 1414 2324 altera

44 2338 256 2390 animam3
277 2336 373 2382 vide
389 2336 462 2381 ubi
480 2336 658 2399 posuisti
679 2338 923 2399 pecuniam.
951 2338 1069 2393 Quid
1093 2343 1319 2403 respondet
1339 2350 1413 2410 qui

45 2407 284 2471 appendit?
318 2406 386 2450 'l'u
420 2405 650 2469 pecuniam
679 2407 855 2468 posuisti
883 2424 892 2451 :
922 2408 1083 2462 «Quid
1122 2412 1290 2472 prodest
1328 2416 1411 2461 bo-

44 2498 65 2520 »
90 2477 224 2530 mini,
262 2476 295 2521 si
321 2486 458 2520 totuin
492 2475 703 2521 mundum
729 2476 944 2527 lueretur,
969 2478 1125 2523 aninne
1157 2492 1298 2528 autem
1324 2503 1411 2532 suw.

46 2546 395 2594 »detrimentum
426 2546 642 2608 patiatur)
665 2546 682 2573 ³
702 2568 722 2586 υ
753 2546 951 2592 Aninnun
989 2559 1130 2594 autent
1167 2556 1413 2613 appendere

93 2637 139 2666 ¹2
159 2636 241 2668 ἰ’ίιιι,
259 2647 311 2675 ιιι,
331 2647 362 2667 a,
380 2651 422 2657 —-
439 2633 454 2655 ²
472 2635 544 2676 Sap.
563 2646 587 2672 ι,
616 2645 666 2666 ιι,
681 2652 718 2656 --
739 2632 752 2654 3
770 2634 882 2667 Manli.
905 2646 968 2672 xii,
992 2638 1044 2668 αὖ,

175 2702 361 2732 (ἶΧΧῊΙΙ.
1232 2708 1279 2737 1¹)
