1863 3246
250 286 394 316 SERMO
426 284 652 324 cccxxxlt,
691 285 738 314 lx
775 283 934 315 NATALI
970 285 1230 318 MARTYRUM.
1347 271 1433 318 185

58 373 78 393 n
98 351 304 404 invicem3
330 371 351 391 »
391 366 489 395 mox
506 348 675 394 addidit
699 366 710 394 ι
741 370 761 391 «
782 350 904 395 Sicut
923 367 998 410 ego
1025 350 1151 396 dilexi
1180 369 1267 399 VOS.
1296 373 1316 393 >2
1358 352 1429 398 Sic

53 421 218 481 diligite
258 419 462 477 invicem,
505 432 683 483 propter
714 437 892 481 regnum
933 421 1030 477 Dei,
1070 433 1249 485 propter
1290 423 1423 468 vitam

58 502 276 538 aeternam.
307 492 458 536 Amare
474 490 618 545 simul,
644 490 716 536 sed
740 508 819 538 me.
854 491 1064 537 Amaretis
1081 491 1283 549 invicem,
1312 493 1346 538 si
1369 492 1429 537 si-

58 561 149 606 mul
174 560 403 620 diligeretis
421 560 702 606 histrionem:
729 561 861 621 magis
884 560 1048 620 diligite
1074 562 1277 618 invicem,
1303 562 1429 608 simul

60 631 245 678 amando
270 648 385 687 eum,
413 631 488 693 qui
508 630 734 694 displicere
754 648 842 676 non
860 642 1020 695 potest,
1042 631 1321 679 Salvatorem.

125 702 183 748 ll.
220 700 404 746 Accessit
428 700 575 746 adhuc
608 701 835 757 Dominus,
875 712 918 747 et
951 701 1102 747 docuit
1133 703 1280 749 adhuc
1303 721 1313 748 t
1336 713 1429 748 tan-

60 788 193 835 quam
213 770 452 816 diceremus
472 771 507 815 ei
529 788 539 815 t
563 771 619 815 Et
637 770 857 833 quomodo
866 788 942 816 nos
960 770 1158 828 dilexisti,
1182 783 1228 817 ut
1247 773 1433 818 sciamus

60 852 101 886 et
126 858 202 892 nos
220 840 589 903 quemadmodum
624 857 699 886 nos
739 840 916 900 diligere
949 840 1212 887 debeamus}j
1240 842 1429 887 Audite:

59 933 80 952 «
101 913 308 969 Majorem
332 910 417 955 hac
434 910 688 955 charitatem
710 928 836 955 nemo
854 910 1006 967 habet,
1027 928 1158 974 quam
1179 922 1227 956 ut
1245 911 1432 956 animam

61 1002 82 1023 2>
101 998 222 1026 suam
240 990 376 1044 ponat
392 998 472 1044 pro
497 981 644 1026 amicis
669 982 800 1028 suis2.
828 1004 846 1022 υ
881 981 951 1026 Sic
970 981 1134 1041 diligite
1157 981 1361 1037 invicem,
1388 991 1433 1025 ut

62 1051 355 1114 unusquisque
379 1051 568 1096 animam
590 1068 712 1097 suam
738 1062 875 1115 ponat
892 1069 972 1115 pro
995 1052 1173 1098 caeteris.
1204 1052 1299 1097 Hoc
1318 1051 1431 1095 enim

64 1122 273 1184 Martyres
303 1120 522 1176 fecerunt,
557 1121 676 1184 quod
711 1133 751 1167 et
776 1123 868 1186 ipse
889 1123 1075 1167 Joannes
1099 1121 1368 1181 Evangelista
1393 1121 1437 1166 in

63 1191 255 1255 Epistola
282 1209 357 1236 sua
387 1191 525 1237 dicit:
555 1213 573 1232 «
606 1193 730 1237 Sicut
757 1193 958 1238 Christus
985 1192 1171 1238 animam
1203 1209 1322 1238 suam
1354 1208 1433 1255 pro

64 1284 83 1301 »
108 1260 233 1306 nobis
257 1261 430 1324 posuit,
461 1262 519 1306 sic
557 1272 599 1306 et
627 1279 704 1307 nos
729 1262 937 1307 debemus
972 1262 1135 1307 animas
1161 1273 1326 1308 nostras
1353 1277 1434 1323 pro

63 1354 84 1372 »
104 1331 311 1376 fratribus
355 1332 557 1394 ponere2.
583 1353 603 1374 >2
635 1332 850 1378 Acceditis
885 1331 939 1378 ad
982 1349 1170 1377 mensam
1214 1330 1432 1395 potentis:

64 1401 194 1447 nostis
215 1401 358 1446 fideles
382 1401 436 1447 ad
460 1419 591 1465 quam
611 1420 800 1448 mensam
821 1402 1023 1449 acceditis
1049 1420 1059 1448 ε
1082 1401 1255 1448 recolite
1280 1401 1434 1464 Scrip-

65 1482 205 1517 turam
246 1471 463 1517 dicentem
490 1491 500 1518 :
528 1494 548 1513 «
570 1472 684 1518 Cum
711 1472 880 1519 accedis
905 1473 959 1518 ad
998 1489 1189 1518 mensam
1218 1471 1404 1535 potentis
1423 1508 1433 1525 ,

66 1564 85 1583 »
109 1542 215 1587 scito
235 1541 442 1605 quoniam
473 1553 645 1606 oportet
670 1554 709 1587 te
739 1543 840 1588 talia
858 1542 1148 1606 praeparare-⁶⁵.
1174 1564 1194 1584 »
1215 1541 1283 1587 Ad
1306 1557 1437 1605 quam

65 1629 254 1658 mensam
290 1613 478 1675 potentis
523 1613 725 1659 accedis?
769 1613 854 1669 Qui
881 1613 962 1658 tibi
985 1612 1160 1658 exhibet
1200 1630 1240 1657 se
1274 1612 1435 1674 ipsum,

0 1711 1 1737 2
65 1700 151 1728 nou
191 1699 381 1728 mensam
428 1699 668 1746 coquorum
709 1694 797 1728 arte
833 1683 1054 1729 conditam
1091 1701 1101 1727 :
1140 1682 1315 1727 exhibet
1358 1681 1438 1726 tibi

67 1751 266 1797 Christus
296 1768 417 1796 suam
442 1770 649 1809 mensam,
686 1753 848 1798 scilicet
872 1752 1160 1815 semetipsum.
1193 1751 1363 1796 Accede
1384 1750 1438 1796 ad

64 1820 182 1866 banc
200 1838 389 1866 mensam
408 1859 418 1878 ‚
445 1832 486 1867 et
515 1832 720 1868 saturare.
755 1823 856 1868 Esto
880 1839 1065 1886 pauper,
1096 1833 1137 1866 et
1160 1820 1432 1867 saturaberis.

68 1911 89 1931 «
114 1891 255 1936 Edent
275 1907 503 1956 pauperes,
532 1903 573 1937 et
590 1891 944 1938 saturabu11tu1··'¹.
975 1892 1094 1937 Scito
1111 1891 1315 1956 quoniam
1340 1891 1438 1936 talia

68 1981 89 2002 »
107 1971 147 2005 te
172 1971 344 2024 oportet
364 1979 625 2025 praeparare.
651 1984 670 2003 »
695 1962 753 2006 Ut
780 1961 1018 2022 intelligas,
1044 1962 1254 2007 Joaunem
1279 1961 1441 2024 exposi-

71 2044 204 2078 torem
241 2032 428 2081 attende.
458 2035 580 2079 l'orte
616 2035 728 2080 euim
756 2034 975 2080 nesciebas
998 2033 1104 2097 quid
1140 2033 1219 2078 scit
1243 2052 1252 2078 :
1284 2055 1302 2073 «
1328 2035 1439 2078 (lum

70 2104 285 2150 »accedis
316 2103 370 2150 ad
408 2122 596 2151 mensam
635 2106 849 2170 potentis,
890 2104 996 2151 scito
1033 2104 1238 2168 quoniam
1267 2102 1367 2149 talia
1404 2114 1443 2147 te

71 2195 91 2215 »
114 2185 285 2238 oportet
304 2191 563 2238 praeparare.
583 2197 601 2216 »
622 2174 733 2221 Audi
752 2175 1034 2238 expositorem
1058 2192 1068 2218 ε
1097 2196 1116 2213 «
1144 2174 1267 2218 Sicut
1294 2172 1443 2218 Chris-

71 2266 91 2286 »
117 2255 184 2290 tus
207 2244 393 2290 animam
434 2262 554 2291 suam
591 2262 671 2308 pro
719 2245 846 2290 nobis
867 2245 1033 2310 posuit,
1063 2245 1122 2290 sic
1146 2254 1189 2289 et
1211 2261 1285 2288 nos
1309 2244 1445 2288 debe--

73 2332 208 2359 »mus
246 2314 346 2360 talia
385 2332 694 2378 praeparare.»
737 2314 857 2371 Quid
898 2325 984 2370 est,
1032 2314 1130 2360 talia
1156 2318 1434 2378 prwparare'?

72 2405 92 2425 «
118 2384 294 2430 Animas
315 2402 394 2448 pro
409 2385 616 2431 fratribus
638 2403 808 2449 ponere.
838 2408 857 2427 »

138 2454 221 2501 ΙΙΙ.
264 2454 321 2498 Ut
336 2456 605 2512 saturareris,
626 2473 794 2519 pauper
814 2455 1024 2502 accessisti
1045 2473 1056 2501 ε
1079 2453 1192 2500 unde
1212 2454 1309 2499 talia
1329 2472 1445 2516 prae-

72 2524 279 2590 parabis?
307 2524 375 2570 Ab
399 2524 494 2588 ipso
519 2526 594 2588 qui
619 2536 658 2570 te
688 2526 886 2572 invitavit
915 2537 1040 2589 pete,
1074 2535 1118 2570 ut
1147 2524 1307 2570 babeas
1331 2523 1443 2568 uude

122 2611 244 2645 *δοιὼ
263 2613 447 2656 xv,1·s.—
464 2611 480 2635 ’ἱ
504 2624 515 2644 ι
540 2613 586 2645 td.
603 2625 656 2656 ιιι,
681 2614 731 2645 ιθ.
748 2630 793 2638 -·
813 2611 827 2637 ³
841 2609 1366 2652 Pronxxiu,1.—⁴Psal..u¹.
1391 2623 1443 2652 η,
