1999 3324
471 328 499 372 8
879 341 913 368 s.
956 338 1195 369 Aueus'rmi
1229 336 1432 368 2121500121

471 407 576 454 dum
610 404 877 470 sapientiam.
913 404 1085 449 Patiens
1121 413 1239 459 esto,
1273 403 1486 448 Dominus
1522 402 1628 449 vult.
1674 401 1846 458 Quaeris

472 493 605 540 quare
638 475 773 521 velit?
807 474 942 519 Differ
980 483 1190 518 secretum
1223 472 1505 532 cognitionis,
1552 472 1846 517 strenuitatem

473 545 730 592 obedientiae
761 561 978 608 praepara.
1015 545 1140 588 Ferre
1173 552 1210 587 te
1239 542 1485 588 vultzferto
1514 541 1634 605 quod
1666 541 1775 595 vult,
1807 550 1850 584 et

472 616 597 662 dabit
626 615 745 678 quod
769 616 847 661 vis.
885 615 939 659 Et
972 624 1132 669 tamen,
1166 612 1318 658 fratres
1350 612 1450 669 mei,
1485 629 1582 657 ecce
1616 611 1754 657 audeo
1779 610 1850 655 di-

473 704 568 732 cere
594 704 604 731 ε
630 685 816 731 libenter
842 684 1031 730 audituri
1061 683 1159 728 estis
1175 720 1185 739 ‚
1214 683 1249 728 si
1267 686 1361 742 jam
1384 682 1546 746 primas
1574 692 1718 745 partes
1742 680 1851 725 ohe-

474 757 649 803 dientiae
672 756 881 812 retinetis,
917 755 951 800 si
982 766 1044 800 est
1073 754 1117 799 in
1143 753 1267 799 vobis
1299 753 1405 798 lenis
1430 763 1471 798 et
1498 752 1614 797 mitis
1645 751 1853 816 patientia

473 826 641 874 ferendi
669 826 946 871 Dominicam
974 824 1256 871 voluntatem.
1297 823 1428 868 Lenia
1457 822 1622 886 quippe
1643 839 1731 867 non
1756 820 1853 866 feri-

470 914 586 952 mus,
612 896 686 942 sed
710 912 903 941 amamus
921 911 1093 958 :aspera
1118 893 1365 948 toleramus,
1389 892 1443 938 ad
1466 893 1578 937 lenia
1596 892 1846 952 gaudemus.

474 967 713 1014 Dominum
737 968 874 1011 Deum
894 976 1020 1011 tuum
1041 964 1156 1020 vido,
1176 973 1308 1026 eaput
1327 974 1451 1008 tuum
1471 963 1588 1019 vide,
1612 962 1853 1025 exemplum

477 1038 580 1084 vitoe
606 1047 691 1082 tuae
721 1036 844 1088 vide3
875 1035 1190 1097 redemptorem
1217 1043 1371 1087 tuum,
1398 1043 1614 1095 pastorem
1646 1042 1768 1077 tuum
1793 1041 1856 1076 at-

479 1107 606 1153 tende
629 1125 639 1151 :
662 1128 681 1146 <‹
705 1107 850 1153 Pater,
879 1106 909 1149 si
935 1105 1025 1148 fieri
1052 1113 1211 1166 potest.
1243 1113 1429 1147 transeat
1448 1121 1470 1147 a
1492 1120 1558 1147 me
1581 1102 1689 1147 calix
1712 1102 1802 1147 iste.
1836 1121 1857 1141 ›>

482 1176 715 1234 Quomodo
747 1174 934 1220 ostendit
968 1174 1207 1219 humanam
1242 1172 1532 1228 voluntatem,
1572 1184 1614 1217 et
1651 1172 1857 1217 continuo

483 1247 696 1293 convertit
724 1245 913 1291 renisum
950 1244 1003 1289 ad
1038 1244 1353 1289 obedientiam?
1385 1243 1736 1288 «Verumtamen
1771 1259 1859 1286 non

481 1339 502 1359 »
523 1316 641 1381 quod
654 1333 731 1376 ego
749 1315 864 1366 volo,
885 1315 955 1360 sed
969 1314 1086 1378 quod
1101 1325 1147 1359 tu
1161 1314 1243 1369 vis,
1269 1312 1442 1358 Pam-13>
1464 1335 1483 1354 »
1500 1314 1612 1358 Ecce
1630 1314 1759 1358 Petro
1773 1312 1860 1357 hoe

483 1388 589 1434 dixit
606 1406 617 1432 :
639 1409 659 1429 «
677 1387 790 1431 Cum
812 1385 1014 1435 senueris*
1037 1385 1144 1430 alter
1164 1395 1204 1429 te
1224 1383 1383 1443 cinget,
1408 1394 1449 1428 et
1469 1383 1575 1429 feret
1595 1400 1682 1446 quo
1702 1393 1749 1428 tu
1773 1399 1860 1427 non

488 1482 506 1499 n
526 1458 642 1504 vis2?
661 1478 681 1498 ›>
701 1456 904 1502 Ostendit
920 1456 965 1502 in
985 1455 1057 1501 illo
1078 1455 1315 1499 humanam
1335 1453 1621 1509 voluntatem,
1645 1453 1759 1499 circa
1780 1462 1860 1498 tre-

484 1528 753 1593 pidationem
782 1527 945 1572 mortis,
986 1525 1214 1588 Numquid
1239 1525 1341 1587 quia
1375 1524 1521 1569 nolens
1556 1534 1752 1569 mortuus
1779 1534 1858 1578 est,

486 1598 635 1645 nolens
670 1607 900 1642 coronatus
933 1599 1021 1641 est?
1061 1595 1132 1640 Sic
1164 1605 1205 1639 et
1236 1605 1284 1639 tu
1316 1593 1493 1639 nolebas
1526 1594 1635 1639 forte
1669 1593 1863 1638 amittere

491 1669 709 1732 peculium
727 1678 869 1724 tuum,
887 1666 1006 1730 quod
1025 1666 1099 1711 hic
1118 1664 1344 1710 relicturus
1362 1682 1453 1709 eras
1471 1682 1481 1708 τ
1499 1664 1669 1710 attende
1689 1681 1741 1709 ne
1762 1681 1863 1709 eum

488 1737 770 1801 relinquendo
790 1754 1021 1783 remaneas.
1051 1736 1238 1781 Nolebas
1258 1746 1354 1780 ante
1377 1745 1414 1779 te
1433 1735 1542 1780 mori
1561 1734 1698 1780 filium
1718 1744 1861 1790 tuum,

489 1808 665 1854 nolebas
699 1818 796 1853 ante
834 1818 874 1852 te
911 1807 1021 1852 mori
1055 1823 1229 1851 uxorem
1262 1816 1397 1851 tuam.
1438 1804 1557 1861 Quid
1594 1804 1736 1850 enim?
1775 1804 1867 1850 Etsi

488 1880 629 1924 Roma
652 1895 739 1923 non
765 1888 1009 1941 caperetur,
1037 1894 1124 1921 non
1147 1876 1303 1938 aliquis
1326 1885 1512 1921 vestrum
1536 1875 1657 1938 prior
1678 1875 1866 1920 moritu-

489 1966 561 1994 rus
591 1951 707 1994 erat?
738 1948 925 1994 Nolebas
956 1957 1052 1993 ante
1082 1957 1123 1991 te
1156 1947 1265 1992 mori
1302 1963 1476 1991 uxorem
1514 1956 1653 2002 tuam,
1690 1945 1868 1991 nolebat

492 2036 595 2065 uxor
621 2029 695 2064 tua
718 2029 817 2064 ante
840 2035 881 2063 se
906 2017 1015 2063 mori
1036 2017 1180 2062 virum
1202 2033 1328 2063 suum
1354 2034 1365 2061 :
1395 2016 1610 2062 ambobus
1637 2016 1868 2079 obtempe-

492 2100 663 2135 raturus
685 2098 775 2133 erat
797 2087 1038 2133 Dominus?
1067 2086 1191 2132 Ordo
1220 2103 1350 2150 penes
1372 2087 1517 2150 ipsum
1544 2086 1623 2141 sit,
1649 2085 1726 2148 qui
1747 2085 1870 2131 novit

491 2158 692 2204 ordinare
717 2157 836 2220 quod
863 2156 1037 2203 creavit.
1070 2156 1340 2219 Obtempera
1365 2172 1462 2216 ergo
1497 2165 1626 2201 tantae
1655 2154 1870 2202 voluntati

492 2229 587 2276 Dei.

553 2299 652 2345 VII.
695 2298 720 2343 J
725 2316 794 2343 am
812 2297 939 2344 video
961 2297 1070 2361 quid
1093 2297 1211 2343 dieas
1234 2297 1279 2342 in
1305 2297 1436 2343 corde
1457 2307 1530 2342 tuo
1545 2315 1554 2342 :
1568 2298 1680 2343 Ecce
1702 2308 1872 2362 tempo-

489 2370 611 2416 ribus
632 2368 891 2414 Christianis
911 2369 1053 2413 Roma
1077 2367 1232 2413 afflicta
1253 2378 1332 2425 est,
1359 2378 1401 2412 et
1426 2368 1599 2413 incensa
1622 2378 1697 2414 est.
1725 2369 1871 2424 Quare

490 2438 762 2502 temporibus
800 2438 1089 2484 Christianis?
1128 2438 1238 2494 Quis
1275 2438 1361 2483 hoc
1392 2437 1527 2484 dicit?
1565 2438 1869 2485 Christianus?

491 2511 607 2568 Ergo
639 2519 687 2553 tu
713 2508 793 2553 tibi
823 2508 1033 2571 repende,
1061 2508 1094 2554 si
1119 2507 1396 2553 Christianus
1423 2525 1465 2554 es
1486 2527 1496 2553 ε
1518 2507 1707 2564 Quando
1732 2508 1872 2554 voluit

489 2580 620 2626 Deus.
658 2577 743 2624 Sed
775 2577 881 2642 quid
905 2577 1005 2625 dico
1034 2579 1237 2639 Pagan09
1270 2578 1449 2626 insultat
1481 2578 1605 2626 mihi.
1638 2577 1759 2638 Quid
1783 2578 1867 2626 tibi

540 2668 684 2703 ¹Matth.
701 2679 791 2711 xxvi,
813 2670 868 2712 39.
884 2684 928 2694 --
946 2667 962 2692 ²
979 2671 1158 2711 Joan.xx1,
1183 2669 1239 2705 18.
