1942 3272
459 258 550 302 332
878 272 914 301 s,
957 270 1200 302 AUGUSTINI
1236 272 1441 303 EPISCOPI

459 337 544 382 hoc
567 351 697 396 genus
722 352 848 381 nemo
872 352 913 380 se
945 347 1166 399 praeparet
1190 352 1203 383 ε
1233 347 1374 384 tamen
1398 338 1431 383 si
1454 337 1563 384 forte
1584 341 1828 401 contigerit,

458 424 582 452 nemo
604 406 812 470 desperet.
850 406 1011 451 «ludam
1038 407 1286 453 traditorem
1322 426 1408 454 non
1438 419 1528 454 tam
1548 410 1685 456 scelus
1714 412 1833 474 quod

457 477 688 529 commisit„
717 494 846 539 qnam
881 475 1162 536 indulgentiae
1191 477 1431 541 desperatio
1456 478 1559 524 fecit
1577 481 1749 543 penitus
1766 482 1831 527 in-

460 548 598 592 terire.
644 547 741 591 'hon
765 557 855 591 erat
889 546 1043 606 dignus
1072 547 1388 604 misericordia,
1412 548 1509 594 ideo
1540 549 1577 594 ei
1613 567 1696 595 non
1716 550 1835 597 fulsit

454 617 602 663 lumen
638 618 682 662 in
725 617 881 673 corde,
927 628 974 662 ut
1014 617 1068 662 ad
1101 621 1190 677 ejus
1217 619 1532 679 indulgentiam
1558 632 1834 666 concurreret

455 706 584 752 quem
628 688 878 744 tradiderat„
910 688 1020 733 sicut
1052 688 1114 734 illi
1149 690 1221 752 qui
1264 707 1361 734 enm
1399 690 1724 744 crucilixerant3
1759 692 1833 738 sed

454 759 724 822 desperando
748 776 789 804 se
809 759 988 815 occidit,
1025 770 1067 804 et
1089 759 1244 822 laqueo
1272 760 1496 824 suspendit
1513 779 1555 806 se
1572 799 1582 817 ‚
1607 763 1834 809 suffocavit

454 848 510 877 se.
541 830 672 886 Quod
694 830 798 875 feeit
826 830 870 875 in
897 847 1079 893 corpore
1107 848 1183 876 suo
1203 869 1212 887 ‚
1241 832 1327 876 hoc
1351 831 1515 877 factum
1539 833 1664 878 estin
1689 834 1834 879 anima

453 900 601 963 ipsius.
629 900 815 962 Spiritus
832 901 945 945 enim
966 900 1128 946 dicitur
1144 902 1270 946 etiam
1286 902 1363 946 iste
1382 912 1534 947 ventus
1552 903 1662 948 aeris
1680 903 1824 963 liujtls.

456 970 689 1025 Quomodo
712 988 810 1030 ergo
837 971 913 1033 qui
941 971 1022 1016 sibi
1047 972 1208 1017 collum
1231 972 1366 1032 ligant
1382 1009 1392 1028 ‚
1418 972 1518 1017 inde
1537 990 1578 1018 se
1595 973 1828 1030 occidunt,

454 1041 556 1104 quia
580 1059 666 1086 non
697 1041 750 1086 ad
781 1060 850 1087 eos
880 1043 1013 1087 intrat
1042 1043 1221 1106 spiritus
1247 1044 1356 1088 aeris
1380 1043 1514 1103 liujus
1540 1061 1550 1088 ε
1581 1044 1640 1089 sic
1663 1044 1725 1090 illi
1757 1045 1833 1108 qui

454 1111 683 1175 desperant
707 1112 759 1157 de
787 1112 1054 1172 indulgentia
1081 1113 1157 1158 Dei
1177 1151 1187 1169 ‚
1218 1113 1310 1176 ipsa
1337 1113 1634 1176 desperatione
1656 1115 1772 1160 intus
1791 1132 1832 1160 se

454 1184 684 1238 suffocant,
713 1193 761 1227 ut
779 1201 848 1228 eos
869 1184 1056 1246 Spiritus
1080 1194 1251 1228 sanctus
1275 1183 1445 1228 visitare
1463 1200 1550 1228 non
1568 1184 1715 1246 possit.

520 1254 596 1299 lx.
640 1253 788 1299 Solent
812 1254 913 1299 inde
937 1254 1195 1299 Christianis
1220 1254 1378 1313 l'agani
1394 1253 1598 1299 insultare
1620 1253 1672 1299 de
1691 1255 1833 1317 poeni-

456 1324 587 1369 tentia
612 1341 711 1386 quae
735 1324 931 1369 instituta
951 1335 1012 1369 est
1036 1325 1079 1369 in
1106 1324 1296 1369 Ecclesia
1321 1341 1331 1368 :
1359 1334 1400 1369 et
1426 1334 1577 1369 contra
1605 1324 1833 1370 nonnullas

452 1394 635 1440 haerescs
660 1396 797 1440 tenuit
820 1396 1011 1441 Ecclesia
1034 1395 1251 1441 catholica
1269 1395 1394 1440 istam
1410 1395 1631 1440 veritatem
1654 1395 1707 1440 (16
1728 1412 1831 1459 poe-

454 1465 636 1511 nitentia
662 1466 839 1525 agenda.
879 1468 1067 1511 Fuerunt
1091 1467 1204 1511 enim
1230 1466 1302 1529 qui
1329 1466 1544 1521 dicerent,
1569 1466 1832 1529 quibusdam

453 1536 642 1598 peccatis
666 1554 752 1581 non
782 1553 866 1581 esse
896 1536 1083 1581 dandam
1113 1536 1419 1599 poenitentiam
1444 1553 1454 1580 ε
1481 1546 1522 1580 et
1551 1535 1707 1581 exclusi
1732 1547 1833 1582 sunt

452 1605 504 1650 de
528 1606 732 1659 Ecclesiaq
755 1617 796 1651 et
809 1607 1003 1652 haeretici
1026 1607 1131 1652 facti
1152 1617 1265 1653 sunt.
1295 1608 1345 1651 ln
1363 1606 1714 1669 quibuscumque
1732 1623 1831 1670 pec-

452 1676 557 1721 catis
581 1693 668 1721 non
690 1677 835 1739 perdit
862 1677 1021 1722 viscera
1051 1677 1123 1739 pia
1155 1688 1289 1721 mater
1310 1676 1515 1722 Ecclesia.
1556 1677 1668 1735 Ergo
1695 1675 1832 1722 solent

452 1745 551 1791 inde
570 1746 697 1790 etiam
726 1747 888 1805 Pagani
915 1746 1036 1809 qnasi
1063 1746 1268 1791 insultare
1289 1745 1415 1790 nobis
1432 1783 1442 1799 ‚
1467 1745 1701 1790 nescientes
1725 1745 1828 1808 quid

450 1815 708 1878 loquantum
732 1816 832 1878 quia
859 1816 913 1861 ad
936 1817 1126 1861 Verbum
1152 1816 1248 1871 Dei,
1271 1815 1390 1878 quod
1411 1815 1578 1875 linguas
1597 1816 1830 1861 infantium

450 1885 555 1931 facit
578 1886 773 1940 disertas,
797 1886 989 1931 nondum
1016 1897 1319 1949 pervenerimt.
1347 1886 1449 1940 Vos,
1474 1886 1697 1948 inquiunt,
1719 1884 1831 1930 faci-

452 1956 505 2001 tis
524 1967 571 2001 ut
598 1966 781 2019 peccent
808 1956 1039 2010 homines⁹¹
1062 1973 1160 2001 cum
1192 1955 1275 2001 illis
1305 1955 1560 2018 promittitis
1586 1955 1773 2008 veniam,
1797 1954 1831 1999 si

451 2026 615 2086 egerint
640 2026 959 2089 poenitentiam.
993 2025 1224 2071 Dissolutio
1256 2036 1317 2070 est
1341 2026 1438 2082 ista,
1464 2042 1552 2070 non
1572 2024 1823 2070 admonitio.

453 2098 503 2142 ln
539 2097 654 2142 hanc
691 2097 944 2142 sententiam
984 2107 1237 2156 exaggerant
1259 2096 1412 2150 verba,
1455 2105 1617 2158 quanta
1651 2095 1830 2157 quisque

451 2178 610 2231 potest,
634 2167 781 2226 lingua
800 2167 868 2213 vel
897 2169 1082 2222 sonanti,
1110 2166 1180 2212 vel
1199 2167 1427 2220 titubanti7
1456 2183 1543 2210 non
1565 2176 1736 2210 tacent:
1761 2175 1831 2210 ta-

450 2255 548 2283 men
566 2248 607 2283 et
630 2237 807 2301 quando
827 2238 884 2282 eis
902 2238 1140 2300 loquimur,
1171 2237 1247 2281 etsi
1264 2236 1511 2291 xincantur,
1536 2253 1622 2281 non
1645 2252 1830 2280 consen-

451 2309 580 2354 tiunt.
631 2308 796 2352 'l'amen
839 2307 1059 2370 quomodo
1097 2307 1325 2351 vincantur
1351 2342 1362 2360 ‚
1404 2306 1592 2350 breviter
1643 2305 1832 2367 accipiat

451 2378 652 2422 Charitas
677 2377 844 2423 Vestra.
867 2377 968 2439 quia
990 2377 1163 2421 Domini
1189 2375 1481 2421 misericordia
1503 2386 1639 2420 totum
1668 2375 1830 2437 optime

450 2446 675 2492 constituit
697 2446 741 2490 in
763 2446 953 2491 Ecclesia
978 2463 1067 2492 sua.
1096 2446 1257 2491 Dicunt
1278 2462 1352 2489 nos
1371 2444 1473 2489 dare
1495 2444 1681 2508 peccatis
1699 2443 1829 2488 licen-

454 2517 574 2571 tia1n‚
601 2516 703 2579 quia
724 2527 898 2580 portum
928 2515 1200 2579 Toeuitentiae
1224 2514 1496 2578 pollicemur.
1527 2515 1571 2559 Si
1603 2513 1829 2558 ‹laudere-

456 2598 527 2632 tur
555 2586 696 2637 aditus
725 2587 1022 2651 lui-nitentiae,
1053 2602 1195 2632 nonne
1221 2585 1291 2631 ille
1314 2596 1518 2649 peccator
1548 2594 1668 2630 tanto
1696 2584 1829 2644 magis
