1863 3246
368 317 509 346 sERMo
544 317 704 358 CCCLII,
743 318 799 347 DE
836 318 1135 350 POENITENTIA.
1350 307 1442 366 329

71 395 159 439 tur,
203 382 286 429 nisi
324 392 505 446 propter
543 399 695 427 manus
734 382 981 429 deficientes
1016 394 1163 429 contra
1204 385 1443 433 Amalech?

70 476 90 496 «
111 453 290 499 Dimitte
318 451 472 507 nobiS,
509 451 620 496 sieut
658 462 699 496 et
736 469 812 497 nos
849 452 1167 500 dimittimus.»
1209 455 1446 502 Constituit

69 522 355 578 medicinam,
406 521 595 566 firmavit
628 532 822 584 paetum.
873 522 957 567 Hic
990 540 1136 585 preces
1173 524 1338 580 dictat,
1380 527 1443 571 ibi

67 593 265 658 precanti
293 591 525 656 respondet
551 608 562 635 ε
590 592 710 636 novit
736 609 822 655 quo
844 595 942 651 jure
967 609 1033 638 res
1057 604 1207 652 agatur
1234 595 1280 640 in
1308 595 1438 651 coelo,

68 662 291 727 quomodo
313 662 537 725 impetrari
559 663 725 725 possint
754 662 1005 709 desiderata.
1048 663 1216 710 Dimitti
1245 666 1341 711 vis?
1372 665 1444 711 di-

67 735 206 790 mitte,
234 733 305 780 ait.
343 732 463 789 Quid
492 733 606 778 enim
627 732 792 779 habes?
827 733 946 795 quod
974 734 1063 778 Deo
1090 746 1282 796 priestes,
1311 754 1333 781 a
1356 753 1443 798 quo

65 804 130 849 vis
152 814 200 849 ut
222 813 453 866 praestetur
484 802 591 848 tibi)
620 801 845 865 §nmquid
858 806 950 862 jam
975 802 1177 849 Christus
1200 805 1385 850 salvator
1399 806 1440 851 in

66 884 178 920 terra
199 873 425 920 ambulat?
448 873 674 936 Numquid
693 873 872 936 suscipit
895 873 1018 919 illum
1041 875 1170 920 modo
1194 875 1240 920 in
1263 876 1443 922 domum

68 944 262 1005 gaudens
294 943 593 990 Zacchaeu51‘9
628 942 853 1006 Numquid
893 943 931 988 ei
956 943 1197 1007 hospitium
1233 946 1443 1008 etepulas

66 1025 287 1078 praeparat
317 1013 554 1059 Martha2‘)
581 1013 704 1059 Nihil
740 1013 898 1058 horum
930 1014 1121 1073 indiget,
1149 1015 1203 1060 ad
1228 1015 1443 1062 dexteram

67 1085 203 1131 Patris
229 1084 359 1130 sedet.
388 1083 471 1129 Sed
499 1083 723 1139 «Quando
756 1084 830 1129 uni
856 1102 902 1129 ex
928 1085 1116 1130 minimis
1139 1086 1243 1131 meis
1266 1086 1439 1141 fecistis,

67 1177 88 1197 »
112 1155 222 1200 mihi
248 1154 406 1200 fecistis
419 1154 451 1201 ³.
477 1176 497 1196 »
526 1155 633 1199 Haec
670 1165 731 1199 est
761 1156 946 1200 extensio
982 1173 1213 1212 manuum,
1253 1158 1333 1202 sub
1359 1175 1442 1220 qua

66 1224 222 1271 defecit
261 1223 482 1271 Amalech.
533 1225 590 1270 Et
625 1242 770 1284 erogas
803 1225 980 1288 quidem
1015 1226 1229 1289 pauperi,
1266 1227 1442 1290 quando

67 1294 233 1358 aliquid
251 1293 327 1340 das
346 1294 547 1339 esurienti
571 1312 581 1339 ε
611 1294 719 1340 forte
742 1294 787 1339 id
809 1294 927 1358 quod
947 1295 1113 1341 dederis
1136 1296 1277 1342 minus
1300 1297 1443 1343 habe-

65 1364 151 1421 bis,
179 1364 313 1410 sedin
333 1363 482 1420 domo,
509 1382 596 1410 non
622 1366 668 1410 in
688 1365 816 1411 coelo.
845 1365 930 1410 Sed
953 1365 1027 1410 hic
1052 1382 1226 1429 quoque
1243 1367 1288 1412 in
1310 1378 1439 1422 terra,

66 1452 152 1498 quo
175 1435 357 1495 jubente
389 1436 657 1498 praestitisti,
689 1435 781 1498 ipse
812 1435 986 1499 supplet
1020 1436 1139 1499 quod
1176 1436 1346 1484 dedisti.
1382 1437 1444 1482 De

66 1505 150 1551 hac
170 1523 214 1550 re
233 1522 333 1550 cum
348 1505 596 1568 loqueretur
617 1506 867 1568 Apostolus,
899 1505 959 1550 ait
983 1523 993 1550 :
1024 1527 1042 1546 «
1064 1506 1151 1562 Qui
1172 1506 1445 1553 administrat

66 1593 246 1621 »semen
272 1576 517 1631 seminanti,
544 1587 586 1620 et
603 1593 761 1638 panem
782 1576 825 1620 in
840 1592 978 1620 eseam
999 1575 1394 1622 subministrabit&
1422 1599 1441 1617 »

67 1646 304 1709 Operarius
346 1646 460 1690 enim
505 1646 584 1691 Dei
623 1662 664 1690 es
684 1683 693 1693 .
738 1645 915 1708 quaudo
946 1645 1021 1690 das
1053 1646 1230 1704 egenti:
1263 1647 1443 1693 seminas

66 1716 222 1779 hyeme
239 1753 250 1771 ,
277 1715 394 1779 quod
421 1727 553 1761 metas
577 1726 736 1761 aestate.
775 1715 894 1772 Quid
917 1732 1014 1775 ergo
1041 1716 1193 1761 metuis
1226 1716 1410 1762 infidelis
1427 1755 1437 1771 ,

66 1803 119 1833 ne
154 1786 199 1832 in
228 1786 309 1831 hac
334 1803 489 1846 magna
514 1785 643 1830 domo
673 1796 816 1830 tantus
849 1785 1154 1849 paterfamilias
1183 1804 1266 1831 non
1296 1797 1443 1850 paseat

65 1857 309 1921 operarium
340 1873 464 1902 suum
488 1860 506 1901 ζ)
543 1856 634 1901 Erit
665 1866 706 1900 et
737 1855 829 1910 ibi,
864 1855 935 1900 sed
970 1855 1087 1919 quod
1121 1857 1303 1902 sullieiat
1337 1856 1430 1902 tibi.

64 1927 204 1974 Dabit
238 1928 350 1972 Deus
380 1926 617 1973 necessitati
655 1937 789 1971 totum
817 1963 828 1981 ,
860 1944 944 1971 non
971 1925 1216 1989 cupiditati.
1247 1927 1440 1990 Operare

53 2003 163 2057 'crgo
186 1996 453 2060 intrepidus,
487 1996 662 2042 extende
688 2013 839 2042 manus
860 2033 870 2050 ,
895 1995 1068 2041 deficiat
1101 1996 1324 2042 Amalech.
1357 1997 1440 2043 Sed

64 2066 188 2121 hinc,
221 2079 266 2112 ut
286 2066 389 2121 dixi,
417 2066 579 2129 aliquid
609 2066 651 2111 in
678 2065 808 2111 domo
833 2075 903 2110 tua
928 2081 1028 2110 eum
1050 2065 1234 2119 dederis,
1262 2066 1327 2111 x‘el
1354 2066 1440 2111 mi-

65 2154 146 2182 nus
168 2136 287 2182 vides
312 2136 427 2199 quod
455 2136 515 2181 ibi
548 2135 726 2181 videbas
749 2153 759 2179 :
784 2152 867 2180 non
890 2135 951 2180 ibi
977 2134 1096 2180 vides
1118 2152 1217 2180 eum
1245 2135 1436 2189 dederis,

66 2207 202 2252 donee
225 2207 377 2252 iterum
399 2207 472 2252 det
501 2207 626 2252 Deus.
662 2206 741 2251 Die
766 2205 873 2250 mihi
891 2222 990 2250 eum
1011 2205 1193 2264 ignoscis
1210 2205 1263 2251 de
1290 2206 1437 2257 eorde,

3 2274 22 2351 i
65 2277 171 2340 quid
194 2277 369 2339 perdis?
396 2277 505 2322 Cum
529 2277 710 2334 ignoscis
737 2276 771 2320 ei
800 2276 873 2338 qui
895 2286 1044 2338 peceat
1075 2276 1116 2320 in
1141 2286 1202 2329 te,
1228 2276 1333 2338 quid
1364 2277 1438 2321 mi-

11 2350 30 2405 ll
66 2365 146 2393 nus
166 2347 350 2392 habebis
370 2347 411 2392 in
435 2347 563 2392 eorde
592 2351 698 2391 tao'?
730 2346 832 2391 lude
852 2347 964 2391 enim
1002 2345 1208 2398 dimittis,
1236 2346 1306 2391 sed
1334 2347 1441 2392 nihil

7 2434 23 2485 ιε
67 2417 240 2463 amittis.
278 2418 369 2461 lmo
397 2434 494 2462 vero
523 2417 635 2461 unda
662 2415 864 2478 qua-dam
892 2415 1117 2460 eharitatis
1138 2416 1228 2459 ibat
1249 2416 1289 2460 in
1308 2416 1437 2460 corde

11 2491 23 2532 f
66 2497 159 2541 tuo,
179 2498 219 2531 et
239 2497 442 2549 tanquam
466 2486 518 2532 de
534 2504 636 2531 vena
662 2486 860 2530 interiore
881 2486 1080 2530 manabat
1110 2503 1118 2528 :
1153 2495 1266 2529 tenes
1287 2485 1436 2530 odium

66 2567 214 2602 contra
242 2557 441 2611 fratrem,
467 2556 677 2602 obturasti
707 2556 882 2602 fontem.
921 2556 1014 2600 Nou
1044 2554 1180 2599 solum
1206 2571 1304 2612 ergo
1330 2553 1442 2599 nihil

31 2668 35 2709 l

36 2948 39 3027 Ι,

37 3034 40 3051 l

20 3053 44 3246 l

12 2575 24 2600 i?

115 2645 124 2667 ¹
145 2648 351 2684 1.uc.xix,⁴'›.
366 2645 505 2675 —'-'1·1.
528 2656 559 2684 x,
584 2652 634 2682 πμ),
657 2663 694 2667 >—
715 2643 728 2666 ³
747 2644 860 2676 Manli.
885 2654 956 2680 xxv,
981 2649 1031 2679 ¹00.
1048 2661 1089 2667 -—
1108 2640 1120 2664 ὅ
1137 2654 1151 2672 :i
1170 2646 1243 2675 tor.
1264 2654 1307 2679 ιι,
1333 2653 1381 2672 ιιι.
