1899 3241
392 332 534 362 SERMO
571 332 748 364 CCXCIX..
789 332 834 362 IN
872 332 1031 363 NATALI
1067 333 1216 366 APOST.
1421 322 1481 369 35

113 397 267 453 catori,
289 397 544 444 crudelitate
568 409 743 443 caeteros
769 400 1005 462 superanti,
1027 400 1138 445 nihil
1160 402 1198 446 ei
1220 403 1479 461 debebatur,

112 467 195 533 nisi
217 467 501 531 supplicium,
528 485 820 532 magnumque
845 469 1137 534 supplicium3
1163 482 1207 516 et
1228 484 1406 519 vocatur
1432 475 1486 520 de

112 537 242 594 coelo,
264 558 283 579 α
305 538 449 596 Saule,
475 539 620 595 Saule,
646 539 753 603 quid
777 557 844 585 me
865 541 1130 604 persequeris
1140 541 1483 602 1?»Co'ercetur,

113 619 162 655 ut
192 620 363 673 parcat,
400 621 448 655 ut
477 611 517 656 ei
542 611 665 675 parci
695 612 842 674 possit.
883 613 1080 658 Mutatur
1105 612 1235 677 lupus
1258 614 1305 660 in
1331 633 1482 661 ovem:

111 697 268 743 parum
290 692 368 738 est,
389 681 436 726 in
456 699 605 736 ovem3
631 683 719 727 imo
742 682 787 727 in
804 693 1034 746 pastorem.
1067 683 1262 747 Superna
1284 703 1388 732 voce
1407 704 1485 732 oc-

113 750 276 799 ciditur
300 762 342 797 et
365 752 630 810 vivificatur,
651 754 896 816 percutitur
922 764 963 799 et
983 765 1170 802 sanatur.
1195 755 1488 803 Prosternitur

111 832 385 885 persecutor,
420 823 598 882 erigitur
635 823 916 887 praedicator.
951 824 1064 880 Quae
1100 826 1178 871 ista
1215 827 1375 886 gratia,
1405 829 1487 874 nisi

111 893 275 951 gratia?
302 892 422 949 Quid
446 894 561 939 enim
592 894 699 939 boni
721 894 863 939 meriti
887 895 1136 958 przecessit?
1175 897 1325 942 Gratia
1354 915 1488 944 voca—

112 972 201 1020 tur,
223 964 325 1026 quia
345 964 474 1023 gratis
491 964 634 1011 datur.
663 986 684 1005 «
706 964 850 1020 Venit,
877 964 1038 1028 inquit,
1061 965 1181 1012 Jesus
1203 966 1250 1014 in
1273 969 1489 1014 mundum

111 1054 133 1080 2>
150 1045 399 1097 peccatores
419 1034 559 1080 salvos
582 1034 739 1090 facere,
767 1051 956 1098 quorum
982 1036 1148 1098 primus
1167 1055 1244 1097 ego
1261 1055 1370 1085 sum.
1406 1040 1491 1085 Sed

113 1123 134 1146 2>
151 1103 248 1148 ideo
266 1104 606 1150 miscricordiam
623 1115 880 1150 consecutus
900 1105 1038 1151 sum2.
1063 1128 1083 1147 υ
1105 1107 1330 1170 Numquid
1349 1120 1492 1172 posset

112 1183 217 1219 tunc
245 1173 420 1219 dicere:
444 1196 464 1215 «
490 1175 662 1220 Reddet
697 1175 809 1219 mihi
825 1176 1035 1220 Dominus
1065 1176 1109 1221 in
1140 1176 1214 1222 illa
1248 1178 1317 1223 die
1349 1183 1492 1238 justus

113 1265 134 1285 »
154 1244 178 1288 J
184 1243 320 1290 udex?
341 1266 362 1286 »
383 1245 428 1290 Si
453 1245 595 1308 primo
613 1244 834 1308 peccatori
852 1244 1003 1289 reddet
1026 1246 1238 1292 Dominus
1258 1248 1304 1292 in
1326 1248 1398 1294 illa
1422 1249 1492 1294 die

108 1318 249 1373 justus
261 1314 412 1375 judex,
442 1315 551 1379 quid.
575 1314 745 1370 reddet,
773 1315 852 1359 nisi
872 1314 991 1377 quod
1011 1316 1153 1379 primo
1176 1320 1396 1380 peccatori
1421 1319 1493 1364 de-

111 1385 258 1443 betur,
294 1404 501 1447 magnum
535 1386 822 1450 supplicium,
860 1403 992 1450 poena
1028 1391 1216 1434 aeterna?
1242 1389 1337 1435 Hoc
1370 1390 1492 1453 prius

113 1455 372 1514 debebatur,
400 1475 479 1504 nec
505 1457 725 1503 redditum
751 1467 826 1504 est.
861 1479 880 1498 κ
905 1457 1026 1515 Ideo,
1051 1458 1211 1522 inquit,
1244 1459 1493 1506 misericor-

113 1526 270 1573 »diam
302 1539 557 1575 consecutus
582 1545 691 1574 sum.
723 1527 864 1573 »Non
897 1527 1095 1574 debitum
1131 1530 1280 1594 accepi
1312 1548 1322 1575 ε
1357 1553 1376 1573 c<
1407 1531 1491 1577 Sed

113 1598 493 1645 »misericordiam
536 1609 791 1645 consecutus
828 1615 922 1643 sum
960 1599 1127 1661 primus
1165 1610 1393 1662 peccator.
1445 1613 1493 1646 ut

118 1667 188 1713 »in
206 1685 274 1713 me
291 1669 541 1715 ostenderet
570 1669 772 1714 Christus
789 1668 813 1711 J
818 1685 911 1713 esus
930 1685 1102 1713 omnem
1121 1668 1493 1729 longanimitatem

113 1759 134 1781 »
156 1738 209 1785 ad
227 1739 576 1786 informationem
597 1756 765 1795 eorum,
786 1740 861 1802 qui
878 1739 1085 1784 credituri
1101 1751 1201 1785 sunt
1217 1740 1279 1786 illi
1296 1741 1341 1786 in
1360 1742 1493 1788 vitain

115 1830 135 1851 >³
157 1821 378 1858 aeternam.
404 1834 424 1853 ›·›
443 1810 564 1868 Quid
591 1821 670 1863 est,
695 1832 715 1852 «
738 1810 805 1856 Ad
828 1810 1212 1857 informationem?
1233 1834 1252 1852 »
1274 1812 1331 1857 Ut
1357 1813 1493 1876 quili-

115 1879 191 1926 bet
218 1881 444 1928 sceleratus
462 1920 473 1939 ,
500 1882 685 1946 quilibet
708 1881 976 1926 facinoribus
999 1881 1241 1929 involutus.
1276 1899 1361 1928 non
1393 1883 1494 1929 (les—

112 1962 236 2013 peret
263 1953 452 2009 veniam,
484 1969 616 2016 quam
650 1951 819 2014 accepit
854 1950 1021 1997 Saulus,
1063 1951 1260 1997 Medicus
1293 1969 1491 2012 magnus,

117 2020 203 2066 hoc
221 2032 301 2078 est,
316 2023 455 2073 Jesus,
479 2022 672 2067 medicus
696 2038 877 2080 magnus
902 2020 956 2066 ad
974 2021 1186 2080 regionem
1208 2022 1379 2069 veniens
1402 2023 1494 2068 lan-

116 2090 371 2151 guidorum,
400 2092 514 2138 unde
544 2092 755 2138 medicina
787 2096 877 2151 ejus
907 2091 1228 2141 diffamaretur.
1258 2092 1385 2138 taleni
1411 2095 1492 2139 sihi

115 2163 357 2209 curandum
388 2164 537 2223 elegit,
576 2163 628 2208 de
663 2181 750 2226 quo
780 2163 965 2208 inultum
1006 2162 1332 2226 desperabatur.
1379 2165 1494 2210 Talis

115 2248 215 2293 ergo
236 2233 384 2285 modo„
407 2234 482 2298 qui
506 2234 626 2297 prius
653 2233 765 2282 talis.
791 2233 916 2282 dicit.
939 2254 959 2273 «
975 2233 1073 2278 «lam
1092 2233 1310 2286 immolor,
1329 2245 1369 2279 et
1391 2246 1493 2280 teni-

117 2323 138 2344 »
157 2319 240 2367 pus
263 2304 532 2350 resolutionis
564 2322 671 2349 meze
695 2304 839 2349 instat.
872 2304 1039 2348 Bonum
1068 2315 1285 2349 certamen
1312 2307 1491 2356 eorm-i,

118 2393 138 2413 >³
156 2389 328 2419 cursum
355 2374 678 2430 consummavi,
712 2373 841 2418 fidem
868 2373 1044 2420 servavi.
1070 2395 1090 2414 »
1111 2375 1176 2419 'l'u
1202 2392 1293 2419 eras
1323 2374 1393 2420 ille
1419 2376 1492 2438 qui

114 2443 319 2488 currebas
341 2462 414 2507 per
435 2461 647 2508 praeceps,
681 2444 754 2506 qui
782 2443 1053 2488 Christianos
1082 2444 1282 2489 trahebas
1302 2444 1356 2489 ad
1383 2463 1493 2489 moi·-

115 2523 216 2571 tem,
241 2514 434 2578 quicum
458 2515 724 2579 lapidaretur
747 2515 1014 2578 Stephanus,
1047 2526 1087 2560 ut
1119 2515 1161 2560 in
1188 2516 1381 2561 oninium
1404 2533 1491 2561 ina-

114 2583 241 2630 nibus
274 2585 484 2649 lapidares
519 2587 712 2632 omnium
748 2587 999 2631 vestimenta
1043 2586 1278 2633 servabas?
1319 2597 1363 2631 tu
1399 2603 1490 2634 eras

169 2673 262 2706 Met.
281 2686 326 2713 tx,
341 2681 372 2711 4.
390 2691 434 2699 —·
450 2675 465 2696 Ἰ
490 2687 501 2705 ι
523 2675 606 2708 Tim.
623 2686 646 2717 ι,
673 2675 725 2711 ι5,
751 2677 802 2706 16.

1314 2730 1358 2782 3.
