1863 3246
251 314 393 344 SERMO
430 313 672 356 cchxxnI‚
711 314 767 346 DE
803 315 1051 346 EPIPHAXJA
1085 317 1264 348 DOMINI.
1371 302 1466 365 509

92 378 169 442 qui
204 379 333 425 etiam
357 379 627 443 baptismum
668 380 862 443 parvulis
902 379 1102 443 prodesse
1140 399 1226 426 uon
1259 381 1469 428 existimat

93 450 272 497 tjhristi.
300 451 399 496 [Yon
417 450 648 496 habebatis
667 451 844 513 quidem
866 462 1054 507 anatem,
1077 468 1161 515 qua
1177 452 1221 497 in
1245 453 1470 498 Christum

91 537 320 583 passurum
347 519 574 565 crederetis
597 538 607 565 :
638 521 711 566 sed
738 521 970 566 habebatis
992 538 1182 577 carnem,
1210 522 1256 566 in
1283 540 1370 584 qua
1391 541 1470 585 pro

95 590 272 635 Christo
290 607 469 653 passuro
490 591 731 654 passionem
752 591 1027 637 sustineretis,
1060 590 1189 636 Nullo
1216 591 1346 636 modo
1372 593 1472 638 istos

93 659 277 706 infantes
312 659 521 706 desereret
547 661 681 720 gratia
718 661 952 706 Salvatoris
977 660 1169 717 infantis,
1198 661 1274 724 qui
1300 673 1475 707 venerat

94 747 287 794 quaerere
324 731 443 794 quod
464 732 667 794 perierat,
706 749 793 776 nou
819 732 957 787 solum
990 731 1035 777 in
1075 748 1201 777 carue
1237 733 1469 788 nascendo,

94 817 244 847 verum
257 801 385 846 etiam
406 802 450 846 in
475 818 603 846 cruce
617 801 867 864 pendendo,
895 801 969 864 (ad
984 801 1140 846 inferos
1154 801 1471 851 descendemto.

95 882 138 917 et
153 872 198 917 in
221 871 343 917 coelis
367 872 656 928 ascendendo,
682 883 724 917 et
751 872 805 917 ad
829 872 1045 917 dexteram
1069 872 1210 916 Patris
1233 872 1433 919 sedendo.
1457 872 1472 934 )

97 943 208 988 Nam
234 942 307 1006 qui
332 944 478 1006 potuit
496 954 621 988 natus
642 943 805 988 habere
826 943 1134 1006 prstrdieatores
1154 942 1352 1002 Angelos,
1372 960 1476 987 nar—

93 1023 256 1059 ratores
281 1013 440 1070 coelos,
470 1013 717 1060 adoratores
758 1016 928 1074 Magos3
955 1014 1100 1077 potuit
1132 1023 1173 1058 et
1196 1012 1280 1058 illis
1311 1030 1363 1058 ne
1394 1030 1474 1076 pro

93 1101 142 1130 eo
159 1085 235 1130 hic
255 1095 522 1130 morerentur
542 1095 765 1147 praestare,
790 1085 823 1129 si
841 1085 968 1130 sciret
985 1084 1058 1130 illa
1080 1095 1215 1129 morte
1240 1085 1470 1148 perituros,

94 1165 137 1200 et
158 1171 246 1200 non
269 1154 413 1217 potius
442 1158 600 1213 majore
624 1154 828 1199 felicitate
848 1155 1051 1201 victuros
1094 1154 1234 1210 Absit,
1264 1154 1393 1208 absit,
1426 1165 1473 1199 ut

97 1225 151 1271 ad
189 1224 437 1270 liberandos
462 1225 660 1270 homines
687 1225 938 1288 (Christus)
977 1225 1150 1270 veniens
1167 1262 1178 1281 ,
1206 1224 1261 1270 de
1302 1224 1476 1270 illorum

96 1295 278 1359 praemio
297 1295 372 1357 qui
398 1313 478 1358 pro
498 1312 546 1340 eo
577 1295 922 1340 interficerentur
946 1294 1057 1340 nihil
1085 1295 1243 1354 egerit,
1269 1294 1344 1357 qui
1365 1312 1476 1357 pen-

98 1365 202 1411 dens
227 1366 272 1411 in
288 1364 405 1424 ligno
422 1382 502 1427 pro
526 1367 584 1409 eis
604 1383 625 1409 a
644 1366 806 1428 quibus
828 1365 1173 1410 interficiebatur
1195 1365 1347 1411 oravit.

164 1436 238 1482 IV.
264 1435 383 1491 Quid
407 1435 550 1480 dicam
577 1434 629 1480 de
652 1434 902 1480 infelicitate
922 1434 1198 1489 Judaeorum,
1225 1434 1300 1496 qui
1321 1434 1480 1478 Chris-

100 1516 194 1551 tum
211 1505 508 1568 quaerentibus
528 1504 682 1563 Magis,
710 1504 839 1549 etiam
868 1504 1143 1566 prophetiam
1161 1502 1351 1548 indicem
1374 1519 1479 1565 pro-

103 1574 312 1631 tulerunt,
331 1574 584 1619 Bethlehem
608 1575 824 1619 civitatem
845 1574 1193 1631 designaverunt,
1225 1573 1380 1635 (quam
1399 1572 1482 1634 ipsi

102 1663 189 1692 non
228 1645 545 1707 ii‘ivenerunti')
573 1645 743 1690 Similes
782 1644 916 1689 fabris
962 1646 1083 1688 Area?
1131 1644 1242 1697 Me,
1286 1642 1377 1688 aliis
1404 1642 1481 1686 uhi

103 1714 333 1761 evaderent
356 1715 676 1778 priestiterunt,
713 1725 753 1760 et
776 1714 857 1777 ipsi
888 1713 1052 1758 diluvio
1076 1713 1295 1776 perierunt
1318 1730 1328 1758 ε
1359 1711 1481 1756 simi-

103 1783 163 1830 les
187 1784 636 1847 lapidibusmilliariis
653 1822 663 1837 ,
694 1785 807 1831 viam
830 1783 1126 1835 ostenderunt,
1155 1799 1233 1828 nec
1259 1783 1482 1827 ambulare

106 1865 366 1918 potueruiit3
397 1855 515 1917 (quia
544 1854 685 1899 stolidi
717 1855 759 1899 in
785 1855 853 1899 via
879 1852 1216 1913 remanserunt.)
1238 1852 1480 1907 Quwsitum

106 1935 169 1969 est
192 1924 248 1970 ab
271 1924 329 1969 eis
347 1962 357 1979 ‚
391 1925 464 1969 uhi
489 1925 688 1969 (Ihristus
711 1934 956 1968 misceretur
980 1940 989 1967 :
1020 1921 1330 1984 responderunt
1353 1939 1362 1965 :
1392 1943 1409 1959 «
1435 1922 1483 1964 lii

109 2016 130 2037 2>
162 1994 412 2040 Bethlehem
441 1995 582 2042 Judw.
617 1995 688 2039 Sic
714 1995 827 2039 enim
847 1994 1057 2055 seriptum
1093 2003 1153 2035 est
1178 2010 1251 2054 per
1287 1991 1483 2053 Prophe-

111 2086 131 2107 »
160 2076 244 2110 tam
267 2082 278 2109 ε
300 2066 355 2110 Et
375 2075 438 2120 tu,
459 2064 708 2109 Bethlehem
730 2075 838 2109 terra
856 2063 985 2112 ¹luda,
1003 2079 1087 2107 non
1108 2062 1283 2106 minima
1299 2061 1395 2104 esiii
1410 2060 1489 2105 du-

112 2156 133 2178 »
159 2135 284 2180 cibus
308 2135 437 2181 Juda.
472 2136 530 2180 lix
556 2145 595 2179 te
614 2135 726 2179 enim
750 2133 943 2197 prodibit
983 2150 1072 2183 rex,
1112 2133 1184 2194 qni
1210 2142 1400 2175 recturus
1425 2142 1484 2174 est

113 2228 133 2247 »
161 2205 372 2268 populum
409 2223 550 2251 meum
578 2204 758 2251 lsi-avt&
794 2227 812 2246 »
842 2204 1100 2252 Audivi-unt,
1126 2213 1166 2246 et
1198 2202 1392 2247 abierunt
1418 2201 1487 2245 in-

113 2276 365 2339 quisitores;
391 2276 589 2322 dixerunt
611 2287 651 2322 et
677 2286 966 2321 remanserunt
997 2274 1221 2319 doctores:
1245 2283 1284 2316 et
1310 2283 1487 2316 eontra-

113 2347 186 2393 riis
204 2347 428 2392 aflectibus
452 2347 656 2410 separati,
685 2346 744 2391 illi
772 2346 873 2391 faeti
900 2356 997 2390 sunt
1019 2344 1282 2395 adoratores,
1304 2342 1363 2386 illi
1389 2359 1488 2403 per-

114 2427 342 2463 secutores.
395 2416 523 2461 Nune
569 2433 743 2479 quoque
785 2415 930 2460 duda-i
973 2414 1109 2460 simile
1159 2411 1319 2473 aliquid
1367 2410 1491 2455 nohis

115 2486 317 2532 exhihere
355 2504 439 2531 non
481 2486 698 2532 desinunt.
741 2484 947 2530 [Nonnulli
986 2484 1098 2529 enim
1146 2497 1408 2544 paganorum
1446 2490 1486 2524 ut

114 2557 316 2605 noverint
347 2557 574 2603 Christum
611 2567 708 2602 ante
745 2556 1088 2622 prophetatum,
1128 2551 1303 2617 quaudo
1345 2551 1403 2598 eis
1440 2549 1492 2594 dc

164 2645 296 2683 ¹Mieh.
310 2658 341 2690 v,
360 2659 394 2691 a,
415 2653 447 2679 et
462 2645 584 2682 Manli.
611 2658 649 2687 n,
674 2647 708 2680 6.
