1999 3282
492 333 553 382 58
912 350 946 380 s.
990 347 1231 380 Aucusnm
1267 349 1470 382 EPISCOPI

491 414 685 462 (litatem.
715 413 988 461 Ludentibus
1011 414 1124 460 etde
1150 415 1414 478 quibusdam
1437 415 1616 464 ludicris
1644 435 1686 464 se
1717 417 1870 465 oblec-

491 485 684 532 tantibus
703 485 819 532 cedit
840 497 1019 550 paterna
1042 485 1180 550 pietas
1195 524 1206 542 ‚
1231 504 1284 532 ne
1311 487 1486 533 deficiat
1516 489 1655 534 fetatis
1677 488 1870 535 infirmi-

490 566 567 604 tas.
597 556 867 602 Blandientis
893 568 955 602 est
974 556 1060 602 hoc
1077 594 1087 612 ,
1117 574 1205 603 non
1224 557 1494 605 aedificantis.
1528 558 1659 615 Quod
1680 558 1871 605 aedifica-

488 639 643 674 verunt
664 628 875 692 Martyres
895 666 905 681 ,
945 628 1065 692 quod
1093 645 1248 692 capere
1273 638 1538 692 potuerunt,
1570 628 1690 693 quod
1717 627 1871 689 grandi

488 699 618 744 corde
638 711 848 764 ceperunt
864 738 874 756 ‚
901 710 1082 763 propter
1107 698 1225 762 quod
1252 697 1760 759 sanguinem.fuderunt,
1787 716 1870 746 au·-

487 769 609 816 distis
628 769 674 815 in
691 770 925 830 Evangelio
939 806 950 827 ,
968 792 988 811 «
1006 771 1168 816 Merces
1186 779 1325 815 vestra
1344 769 1518 833 copiosa
1537 769 1660 816 estin
1675 769 1838 818 coelis1.
1850 791 1871 812 »

553 842 611 888 ΙΙ.
654 841 984 898 Verumtamen,
1022 840 1291 895 charissimi,
1326 857 1428 885 cum
1469 839 1570 886 duae
1608 841 1709 887 vitae
1752 841 1868 898 sint,

488 928 572 956 una
592 922 690 957 ante
718 923 900 958 mortem
918 950 928 968 ‚
957 910 1038 957 alia
1060 923 1158 975 post
1180 920 1363 956 mortem
1383 930 1393 964 3
1421 910 1563 956 ambae
1587 911 1680 957 istae
1702 911 1870 957 habue-

486 993 589 1027 runt
606 993 647 1027 et
667 983 834 1028 habent
859 993 1070 1028 amatores
1094 999 1204 1028 suos.
1231 981 1382 1038 Qualis
1400 982 1454 1026 sit
1476 981 1620 1027 brevis
1645 982 1743 1027 haec
1760 982 1867 1039 vita,

487 1053 593 1116 quid
620 1053 864 1099 describere
888 1071 998 1117 opus
1022 1057 1116 1098 est')
1146 1052 1404 1116 Experimur
1434 1069 1566 1115 quam
1597 1069 1866 1108 aerumnosa,

485 1141 618 1186 quam
641 1125 866 1188 querulosa
895 1142 904 1169 ε
934 1124 1205 1170 circumdata
1228 1123 1565 1178 tentationibus,
1591 1122 1719 1187 plena
1746 1124 1871 1169 timo-

484 1194 633 1247 ribus3
662 1194 816 1241 ardens
844 1195 1166 1259 cupiditatibus
1183 1231 1194 1251 ‚
1224 1194 1401 1240 subdita
1425 1194 1623 1248 casibus;
1650 1194 1693 1239 in
1720 1193 1870 1240 adver-

485 1265 539 1310 sis
563 1265 711 1311 dolens
727 1303 738 1323 ,
767 1267 811 1311 in
834 1266 1052 1330 prosperis
1077 1276 1271 1318 tumens;
1299 1264 1432 1311 lucris
1452 1264 1644 1310 exultans
1661 1302 1671 1321 ‚
1700 1265 1871 1311 damnis

490 1338 751 1383 excrucians.
790 1338 845 1382 Et
883 1337 928 1382 in
962 1337 1067 1400 ipsis
1102 1337 1233 1382 lucris
1261 1336 1521 1383 exultatione
1561 1335 1778 1400 trepidat,
1817 1353 1870 1382 ne

486 1407 605 1470 quod
632 1408 886 1471 acquisivit,
918 1408 1114 1462 amittat3
1139 1425 1191 1451 nc
1213 1418 1394 1471 propter
1410 1406 1497 1452 hoc
1518 1418 1768 1470 (puciatur,
1793 1407 1870 1470 qui

487 1488 717 1540 antequam
769 1478 951 1524 habcret
988 1496 1074 1523 non
1113 1479 1406 1541 quaerebatur.
1454 1478 1563 1522 Vera
1610 1476 1865 1533 infelicitas,

484 1548 688 1594 mendosa
706 1548 904 1595 felicitas.
936 1548 1125 1593 Humilis
1160 1548 1286 1611 cupit
1313 1547 1569 1604 ascendere,
1610 1547 1870 1594 sublimatus

485 1619 607 1664 timet
634 1619 903 1667 descendere.
936 1619 1024 1676 Qui
1053 1637 1141 1664 non
1164 1618 1328 1675 habet,
1359 1618 1527 1665 invidet
1557 1618 1763 1672 habenti3
1792 1619 1870 1682 qui

482 1689 619 1735 habet
634 1727 644 1745 ‚
673 1690 913 1735 contemnit
938 1707 1024 1735 non
1054 1689 1305 1736 habentem.
1336 1690 1391 1734 Et
1408 1689 1505 1753 quis
1524 1689 1708 1753 explicet
1725 1690 1869 1735 verbis

483 1760 614 1820 hujus
639 1762 741 1806 xitae
781 1772 945 1806 tantam
981 1772 1021 1806 et
1061 1771 1148 1806 tam
1175 1760 1459 1824 conspicuam
1492 1759 1771 1806 foeditatem?
1814 1761 1870 1806 Et

486 1841 626 1876 tamen
649 1831 728 1876 ista
757 1831 933 1877 foeditas
964 1832 1101 1876 habet
1126 1841 1334 1877 amatores
1364 1847 1460 1876 suos
1489 1830 1618 1887 tales,
1659 1841 1708 1876 ut
1739 1841 1869 1894 opte-

483 1917 577 1945 mus
595 1901 787 1947 invenirc
802 1901 1102 1965 paucissimos,
1118 1901 1195 1965 qui
1208 1902 1268 1947 sic
1289 1901 1472 1961 diligant
1486 1911 1693 1947 aeternam
1710 1902 1865 1958 vitam,

483 1987 616 2034 quam
642 1972 765 2017 finit-c
785 1990 872 2018 non
892 1982 1096 2036 possunt,
1121 1971 1341 2035 quomodo
1362 1972 1441 2016 ista
1462 1971 1687 2032 diligitur,
1706 1988 1809 2035 quae
1826 1983 1870 2017 et

483 2041 569 2086 cito
595 2042 768 2090 linitur.
795 2043 889 2088 etsi
910 2042 1219 2105 protendatur,
1252 2042 1446 2104 quotidie
1471 2043 1649 2086 timetur
1667 2079 1678 2098 ‚
1715 2058 1768 2087 ne
1790 2059 1870 2104 per

488 2111 615 2157 horas
644 2113 830 2172 singulas
860 2113 1047 2158 finiatur.
1081 2111 1201 2168 Quid
1231 2111 1466 2156 faciamus?
1499 2111 1620 2167 Quid
1657 2115 1867 2171 agamus?

483 2181 601 2237 Quid
622 2181 847 2227 dicamus?
872 2182 993 2238 Quos
1011 2181 1361 2227 comminationis
1382 2181 1568 2238 aculeos,
1588 2198 1696 2245 quos
1706 2183 1867 2228 exhor-

482 2251 655 2297 tationis
674 2253 790 2311 ignes
809 2253 1116 2298 admovfflnnus
1153 2252 1360 2297 cordibus
1396 2252 1530 2315 pigris
1563 2263 1605 2297 et
1637 2252 1784 2308 duris„
1825 2263 1868 2298 ct

484 2322 638 2367 terreni
663 2323 850 2385 stuporis
876 2323 1010 2382 glacie
1031 2322 1281 2382 congelatis,
1306 2333 1352 2367 ut
1370 2333 1588 2386 torporem
1605 2323 1759 2368 mundi
1784 2323 1867 2368 ali-

482 2394 657 2456 quando
680 2394 903 2439 decutiant
923 2432 932 2445 ,
960 2404 999 2438 ct
1020 2395 1063 2439 in
1084 2405 1243 2440 telerna
1267 2394 1573 2440 inardescant?
1610 2395 1730 2451 Quid
1747 2432 1758 2451 ‚
1794 2395 1867 2440 in—

480 2480 608 2526 quam
627 2501 638 2519 ‚
674 2464 911 2509 iaciamus?
935 2465 1041 2527 quid
1067 2465 1292 2510 dicamus')
1317 2464 1498 2524 Adjacet
1518 2465 1627 2510 mihi
1645 2502 1656 2520 ‚
1685 2475 1728 2510 et
1748 2467 1867 2510 inte-

477 2533 558 2579 rim
578 2535 769 2579 occurrit
786 2573 795 2583 ,
819 2536 921 2598 quia
952 2553 1015 2579 res
1039 2536 1144 2598 ipsa:
1177 2535 1445 2598 quotidianas:
1483 2536 1718 2581 admonent
1750 2552 1829 2581 nos
1849 2573 1859 2592 ‚

481 2615 521 2649 ct
546 2616 780 2663 suggerunt
802 2607 910 2668 quid
932 2606 1138 2656 dicamus⁴
1182 2607 1247 2652 Ab
1283 2623 1427 2652 amore
1452 2606 1583 2666 hujus
1616 2604 1865 2670 temporalis

533 2693 544 2715 ¹
570 2693 686 2725 Manli.
706 2705 735 2733 v,
759 2706 810 2727 12.
