<?xml version="1.0" encoding="UTF-8"?>
<!DOCTYPE html PUBLIC "-//W3C//DTD XHTML 1.0 Transitional//EN"
    "http://www.w3.org/TR/xhtml1/DTD/xhtml1-transitional.dtd">
<html xmlns="http://www.w3.org/1999/xhtml" xml:lang="en" lang="en">
 <head>
  <title>
</title>
<meta http-equiv="Content-Type" content="text/html;charset=utf-8" />
  <meta name='ocr-system' content='tesseract 3.04.00' />
  <meta name='ocr-capabilities' content='ocr_page ocr_carea ocr_par ocr_line ocrx_word'/>
</head>
<body>
  <div class='ocr_page' id='page_1' title='image "./operaomniaaccura21auguuoft_0061.png"; bbox 0 0 1899 3241; ppageno 0'>
   <div class='ocr_carea' id='block_1_1' title="bbox 0 690 44 3241">
    <p class='ocr_par' dir='ltr' id='par_1_1' title="bbox 0 690 44 3241">
     <span class='ocr_line' id='line_1_1' title="bbox 0 690 44 3241; baseline 0 0"><span class='ocrx_word' id='word_1_1' title='bbox 0 690 44 3241; x_wconf 95' lang='lat' dir='ltr'> </span> 
     </span>
    </p>
   </div>
   <div class='ocr_carea' id='block_1_2' title="bbox 221 279 1451 330">
    <p class='ocr_par' dir='ltr' id='par_1_2' title="bbox 221 279 1451 330">
     <span class='ocr_line' id='line_1_2' title="bbox 221 279 1451 330; baseline 0.003 -10"><span class='ocrx_word' id='word_1_2' title='bbox 221 290 362 321; x_wconf 76' lang='lat' dir='ltr'>SERMO</span> <span class='ocrx_word' id='word_1_3' title='bbox 401 290 516 330; x_wconf 75' lang='lat' dir='ltr'>CCCI,</span> <span class='ocrx_word' id='word_1_4' title='bbox 556 289 601 318; x_wconf 87' lang='lat' dir='ltr'>IN</span> <span class='ocrx_word' id='word_1_5' title='bbox 640 288 942 320; x_wconf 79' lang='lat' dir='ltr'>SOLEMNITATE</span> <span class='ocrx_word' id='word_1_6' title='bbox 980 290 1039 319; x_wconf 90' lang='lat' dir='ltr'>SS.</span> <span class='ocrx_word' id='word_1_7' title='bbox 1080 289 1279 322; x_wconf 76' lang='lat' dir='ltr'>MACHAB.</span> <span class='ocrx_word' id='word_1_8' title='bbox 1397 279 1451 324; x_wconf 79' lang='lat'>51</span> 
     </span>
    </p>
   </div>
   <div class='ocr_carea' id='block_1_3' title="bbox 89 354 1476 2609">
    <p class='ocr_par' dir='ltr' id='par_1_3' title="bbox 89 354 1473 1409">
     <span class='ocr_line' id='line_1_3' title="bbox 90 354 1465 418; baseline 0.003 -16"><span class='ocrx_word' id='word_1_9' title='bbox 90 355 254 418; x_wconf 83' lang='lat' dir='ltr'>pariter</span> <span class='ocrx_word' id='word_1_10' title='bbox 270 356 363 402; x_wconf 90' lang='lat' dir='ltr'>Deo</span> <span class='ocrx_word' id='word_1_11' title='bbox 387 354 564 415; x_wconf 82' lang='lat' dir='ltr'>gloriam</span> <span class='ocrx_word' id='word_1_12' title='bbox 591 354 759 410; x_wconf 79' lang='lat' dir='ltr'>dantes,</span> <span class='ocrx_word' id='word_1_13' title='bbox 785 355 949 418; x_wconf 85' lang='lat' dir='ltr'>pariter</span> <span class='ocrx_word' id='word_1_14' title='bbox 963 371 1045 418; x_wconf 88' lang='lat' dir='ltr'>pro</span> <span class='ocrx_word' id='word_1_15' title='bbox 1063 360 1154 415; x_wconf 83' lang='lat' dir='ltr'>ejus</span> <span class='ocrx_word' id='word_1_16' title='bbox 1165 356 1331 417; x_wconf 81' lang='lat' dir='ltr'>legibus</span> <span class='ocrx_word' id='word_1_17' title='bbox 1352 360 1465 405; x_wconf 90' lang='lat' dir='ltr'>mori</span> 
     </span>
     <span class='ocr_line' id='line_1_4' title="bbox 89 425 1463 490; baseline 0.002 -16"><span class='ocrx_word' id='word_1_18' title='bbox 89 426 246 489; x_wconf 76' lang='lat' dir='ltr'>parati.</span> <span class='ocrx_word' id='word_1_19' title='bbox 278 429 424 482; x_wconf 75' lang='lat' dir='ltr'>Quare</span> <span class='ocrx_word' id='word_1_20' title='bbox 448 425 513 472; x_wconf 92' lang='lat' dir='ltr'>illi</span> <span class='ocrx_word' id='word_1_21' title='bbox 539 425 596 470; x_wconf 86' lang='lat' dir='ltr'>ab</span> <span class='ocrx_word' id='word_1_22' title='bbox 619 425 795 485; x_wconf 87' lang='lat' dir='ltr'>ignibus</span> <span class='ocrx_word' id='word_1_23' title='bbox 819 425 1078 483; x_wconf 82' lang='lat' dir='ltr'><strong>liberantur,</strong></span> <span class='ocrx_word' id='word_1_24' title='bbox 1106 427 1177 472; x_wconf 87' lang='lat' dir='ltr'>isti</span> <span class='ocrx_word' id='word_1_25' title='bbox 1202 428 1257 473; x_wconf 86' lang='lat' dir='ltr'>ab</span> <span class='ocrx_word' id='word_1_26' title='bbox 1288 429 1463 490; x_wconf 84' lang='lat' dir='ltr'>ignibus</span> 
     </span>
     <span class='ocr_line' id='line_1_5' title="bbox 90 496 1464 557; baseline 0 -13"><span class='ocrx_word' id='word_1_27' title='bbox 90 499 433 547; x_wconf 73' lang='lat' dir='ltr'>consumuntur?</span> <span class='ocrx_word' id='word_1_28' title='bbox 459 497 571 557; x_wconf 84' lang='lat' dir='ltr'>Ergo</span> <span class='ocrx_word' id='word_1_29' title='bbox 607 496 692 543; x_wconf 89' lang='lat' dir='ltr'>illis</span> <span class='ocrx_word' id='word_1_30' title='bbox 725 497 840 542; x_wconf 82' lang='lat' dir='ltr'>Deus</span> <span class='ocrx_word' id='word_1_31' title='bbox 871 496 1043 553; x_wconf 81' lang='lat' dir='ltr'>aderat,</span> <span class='ocrx_word' id='word_1_32' title='bbox 1076 496 1156 542; x_wconf 88' lang='lat' dir='ltr'>hos</span> <span class='ocrx_word' id='word_1_33' title='bbox 1188 496 1464 548; x_wconf 69' lang='lat' dir='ltr'><strong>deseruerat?</strong></span> 
     </span>
     <span class='ocr_line' id='line_1_6' title="bbox 92 565 1464 631; baseline 0.001 -16"><span class='ocrx_word' id='word_1_34' title='bbox 92 567 250 616; x_wconf 86' lang='lat' dir='ltr'>Absit:</span> <span class='ocrx_word' id='word_1_35' title='bbox 283 568 372 614; x_wconf 91' lang='lat' dir='ltr'>imo</span> <span class='ocrx_word' id='word_1_36' title='bbox 396 567 590 631; x_wconf 86' lang='lat' dir='ltr'>utrisque</span> <span class='ocrx_word' id='word_1_37' title='bbox 615 565 766 620; x_wconf 80' lang='lat' dir='ltr'>affuit3</span> <span class='ocrx_word' id='word_1_38' title='bbox 788 566 872 613; x_wconf 91' lang='lat' dir='ltr'>illis</span> <span class='ocrx_word' id='word_1_39' title='bbox 902 567 948 615; x_wconf 85' lang='lat' dir='ltr'>in</span> <span class='ocrx_word' id='word_1_40' title='bbox 981 577 1156 630; x_wconf 78' lang='lat' dir='ltr'>aperto,</span> <span class='ocrx_word' id='word_1_41' title='bbox 1188 569 1279 620; x_wconf 87' lang='lat' dir='ltr'>istis</span> <span class='ocrx_word' id='word_1_42' title='bbox 1314 570 1358 615; x_wconf 90' lang='lat' dir='ltr'>in</span> <span class='ocrx_word' id='word_1_43' title='bbox 1385 588 1464 617; x_wconf 86' lang='lat' dir='ltr'>oc-</span> 
     </span>
     <span class='ocr_line' id='line_1_7' title="bbox 91 637 1464 691; baseline 0.003 -8"><span class='ocrx_word' id='word_1_44' title='bbox 91 637 223 686; x_wconf 79' lang='lat' dir='ltr'>culto,</span> <span class='ocrx_word' id='word_1_45' title='bbox 249 637 351 685; x_wconf 87' lang='lat' dir='ltr'>Illos</span> <span class='ocrx_word' id='word_1_46' title='bbox 373 637 602 687; x_wconf 82' lang='lat' dir='ltr'>visibiliter</span> <span class='ocrx_word' id='word_1_47' title='bbox 631 637 849 684; x_wconf 85' lang='lat' dir='ltr'>liberabat</span> <span class='ocrx_word' id='word_1_48' title='bbox 876 655 886 683; x_wconf 92' lang='lat'><strong>:</strong></span> <span class='ocrx_word' id='word_1_49' title='bbox 910 637 1011 684; x_wconf 90' lang='lat' dir='ltr'>istos</span> <span class='ocrx_word' id='word_1_50' title='bbox 1040 638 1313 686; x_wconf 83' lang='lat' dir='ltr'>invisibiliter</span> <span class='ocrx_word' id='word_1_51' title='bbox 1336 657 1464 691; x_wconf 88' lang='lat' dir='ltr'>coro-</span> 
     </span>
     <span class='ocr_line' id='line_1_8' title="bbox 91 707 1468 772; baseline 0.002 -17"><span class='ocrx_word' id='word_1_52' title='bbox 91 707 240 755; x_wconf 85' lang='lat' dir='ltr'>nabat.</span> <span class='ocrx_word' id='word_1_53' title='bbox 273 708 343 757; x_wconf 87' lang='lat' dir='ltr'>Illi</span> <span class='ocrx_word' id='word_1_54' title='bbox 362 708 538 771; x_wconf 89' lang='lat' dir='ltr'>quidem</span> <span class='ocrx_word' id='word_1_55' title='bbox 565 708 618 754; x_wconf 88' lang='lat' dir='ltr'>de</span> <span class='ocrx_word' id='word_1_56' title='bbox 644 718 783 753; x_wconf 87' lang='lat' dir='ltr'>morte</span> <span class='ocrx_word' id='word_1_57' title='bbox 813 707 986 754; x_wconf 84' lang='lat' dir='ltr'>liberati</span> <span class='ocrx_word' id='word_1_58' title='bbox 1009 719 1136 762; x_wconf 80' lang='lat' dir='ltr'>sunt3</span> <span class='ocrx_word' id='word_1_59' title='bbox 1165 709 1238 756; x_wconf 89' lang='lat' dir='ltr'>sed</span> <span class='ocrx_word' id='word_1_60' title='bbox 1266 711 1468 772; x_wconf 77' lang='lat' dir='ltr'>inhujus</span> 
     </span>
     <span class='ocr_line' id='line_1_9' title="bbox 90 777 1467 845; baseline 0.001 -20"><span class='ocrx_word' id='word_1_61' title='bbox 90 778 192 825; x_wconf 82' lang='lat' dir='ltr'>vitae</span> <span class='ocrx_word' id='word_1_62' title='bbox 216 778 451 825; x_wconf 83' lang='lat' dir='ltr'>tentatione</span> <span class='ocrx_word' id='word_1_63' title='bbox 472 790 722 825; x_wconf 86' lang='lat' dir='ltr'>manserunt</span> <span class='ocrx_word' id='word_1_64' title='bbox 749 796 759 823; x_wconf 71' lang='grc' dir='ltr'><strong>ι</strong></span> <span class='ocrx_word' id='word_1_65' title='bbox 789 778 845 824; x_wconf 85' lang='lat' dir='ltr'>ab</span> <span class='ocrx_word' id='word_1_66' title='bbox 862 778 959 838; x_wconf 86' lang='lat' dir='ltr'>igne</span> <span class='ocrx_word' id='word_1_67' title='bbox 976 777 1168 835; x_wconf 86' lang='lat' dir='ltr'>liberati,</span> <span class='ocrx_word' id='word_1_68' title='bbox 1196 780 1251 828; x_wconf 92' lang='lat' dir='ltr'>ad</span> <span class='ocrx_word' id='word_1_69' title='bbox 1273 782 1467 845; x_wconf 83' lang='lat' dir='ltr'>pericula</span> 
     </span>
     <span class='ocr_line' id='line_1_10' title="bbox 90 848 1466 913; baseline 0.002 -18"><span class='ocrx_word' id='word_1_70' title='bbox 90 850 290 898; x_wconf 87' lang='lat' dir='ltr'>reservati</span> <span class='ocrx_word' id='word_1_71' title='bbox 314 867 324 894; x_wconf 91' lang='lat'><strong>:</strong></span> <span class='ocrx_word' id='word_1_72' title='bbox 353 867 440 896; x_wconf 90' lang='lat' dir='ltr'>uno</span> <span class='ocrx_word' id='word_1_73' title='bbox 466 860 653 913; x_wconf 80' lang='lat' dir='ltr'>tyranno</span> <span class='ocrx_word' id='word_1_74' title='bbox 675 849 817 904; x_wconf 84' lang='lat' dir='ltr'>victo,</span> <span class='ocrx_word' id='word_1_75' title='bbox 850 848 998 894; x_wconf 87' lang='lat' dir='ltr'>adhuc</span> <span class='ocrx_word' id='word_1_76' title='bbox 1020 851 1227 899; x_wconf 81' lang='lat' dir='ltr'>certaturi</span> <span class='ocrx_word' id='word_1_77' title='bbox 1247 869 1347 897; x_wconf 89' lang='lat' dir='ltr'>cum</span> <span class='ocrx_word' id='word_1_78' title='bbox 1368 852 1466 898; x_wconf 88' lang='lat' dir='ltr'>dia-</span> 
     </span>
     <span class='ocr_line' id='line_1_11' title="bbox 89 918 1470 980; baseline 0.001 -14"><span class='ocrx_word' id='word_1_79' title='bbox 89 919 208 969; x_wconf 84' lang='lat' dir='ltr'>bolo.</span> <span class='ocrx_word' id='word_1_80' title='bbox 241 921 407 967; x_wconf 69' lang='lat' dir='ltr'>Fratres</span> <span class='ocrx_word' id='word_1_81' title='bbox 426 921 528 977; x_wconf 88' lang='lat' dir='ltr'>mei,</span> <span class='ocrx_word' id='word_1_82' title='bbox 550 921 662 966; x_wconf 91' lang='lat' dir='ltr'>sicut</span> <span class='ocrx_word' id='word_1_83' title='bbox 686 918 926 965; x_wconf 85' lang='lat' dir='ltr'>Christiani</span> <span class='ocrx_word' id='word_1_84' title='bbox 952 919 1191 980; x_wconf 85' lang='lat' dir='ltr'>intelligite.</span> <span class='ocrx_word' id='word_1_85' title='bbox 1226 922 1470 969; x_wconf 70' lang='lat' dir='ltr'>Machabaei</span> 
     </span>
     <span class='ocr_line' id='line_1_12' title="bbox 90 990 1471 1049; baseline 0 -10"><span class='ocrx_word' id='word_1_86' title='bbox 90 990 242 1039; x_wconf 82' lang='lat' dir='ltr'>melius</span> <span class='ocrx_word' id='word_1_87' title='bbox 260 1002 303 1037; x_wconf 92' lang='lat' dir='ltr'>et</span> <span class='ocrx_word' id='word_1_88' title='bbox 322 993 457 1038; x_wconf 88' lang='lat' dir='ltr'>tutius</span> <span class='ocrx_word' id='word_1_89' title='bbox 470 991 645 1037; x_wconf 82' lang='lat' dir='ltr'>liberati</span> <span class='ocrx_word' id='word_1_90' title='bbox 667 1001 780 1037; x_wconf 88' lang='lat' dir='ltr'>sunt.</span> <span class='ocrx_word' id='word_1_91' title='bbox 814 990 884 1037; x_wconf 78' lang='lat' dir='ltr'>Ab</span> <span class='ocrx_word' id='word_1_92' title='bbox 906 990 989 1037; x_wconf 88' lang='lat' dir='ltr'>illis</span> <span class='ocrx_word' id='word_1_93' title='bbox 1004 991 1146 1037; x_wconf 84' lang='lat' dir='ltr'>tribus</span> <span class='ocrx_word' id='word_1_94' title='bbox 1165 993 1284 1049; x_wconf 81' lang='lat' dir='ltr'>viris,</span> <span class='ocrx_word' id='word_1_95' title='bbox 1305 993 1471 1040; x_wconf 74' lang='lat' dir='ltr'>caeteris</span> 
     </span>
     <span class='ocr_line' id='line_1_13' title="bbox 91 1061 1471 1125; baseline 0.004 -19"><span class='ocrx_word' id='word_1_96' title='bbox 91 1063 431 1118; x_wconf 77' lang='lat' dir='ltr'>remanentibUS‚</span> <span class='ocrx_word' id='word_1_97' title='bbox 455 1062 529 1109; x_wconf 81' lang='lat' dir='ltr'>illa</span> <span class='ocrx_word' id='word_1_98' title='bbox 553 1079 637 1109; x_wconf 86' lang='lat' dir='ltr'>una</span> <span class='ocrx_word' id='word_1_99' title='bbox 665 1061 844 1111; x_wconf 87' lang='lat' dir='ltr'>tentatio</span> <span class='ocrx_word' id='word_1_100' title='bbox 866 1073 1068 1125; x_wconf 84' lang='lat' dir='ltr'>superata</span> <span class='ocrx_word' id='word_1_101' title='bbox 1086 1074 1149 1109; x_wconf 90' lang='lat' dir='ltr'>est</span> <span class='ocrx_word' id='word_1_102' title='bbox 1172 1082 1182 1109; x_wconf 73' lang='grc' dir='ltr'><strong><em>ε</em></strong></span> <span class='ocrx_word' id='word_1_103' title='bbox 1209 1064 1373 1111; x_wconf 81' lang='lat' dir='ltr'>abistis</span> <span class='ocrx_word' id='word_1_104' title='bbox 1391 1066 1471 1111; x_wconf 86' lang='lat' dir='ltr'>ista</span> 
     </span>
     <span class='ocr_line' id='line_1_14' title="bbox 90 1132 1467 1195; baseline 0.002 -16"><span class='ocrx_word' id='word_1_105' title='bbox 90 1132 181 1179; x_wconf 81' lang='lat' dir='ltr'>vita</span> <span class='ocrx_word' id='word_1_106' title='bbox 203 1132 345 1189; x_wconf 86' lang='lat' dir='ltr'>finita,</span> <span class='ocrx_word' id='word_1_107' title='bbox 375 1149 475 1195; x_wconf 83' lang='lat' dir='ltr'>quae</span> <span class='ocrx_word' id='word_1_108' title='bbox 492 1142 586 1179; x_wconf 85' lang='lat' dir='ltr'>tota</span> <span class='ocrx_word' id='word_1_109' title='bbox 604 1133 786 1181; x_wconf 85' lang='lat' dir='ltr'>tentatio</span> <span class='ocrx_word' id='word_1_110' title='bbox 812 1143 886 1179; x_wconf 89' lang='lat' dir='ltr'>est.</span> <span class='ocrx_word' id='word_1_111' title='bbox 922 1132 1088 1179; x_wconf 84' lang='lat' dir='ltr'>Deinde</span> <span class='ocrx_word' id='word_1_112' title='bbox 1114 1133 1264 1183; x_wconf 85' lang='lat' dir='ltr'>divino</span> <span class='ocrx_word' id='word_1_113' title='bbox 1280 1135 1467 1195; x_wconf 87' lang='lat' dir='ltr'>judicio,</span> 
     </span>
     <span class='ocr_line' id='line_1_15' title="bbox 91 1202 1473 1267; baseline -0.001 -14"><span class='ocrx_word' id='word_1_114' title='bbox 91 1203 265 1253; x_wconf 85' lang='lat' dir='ltr'>occulto</span> <span class='ocrx_word' id='word_1_115' title='bbox 285 1203 441 1267; x_wconf 88' lang='lat' dir='ltr'>procul</span> <span class='ocrx_word' id='word_1_116' title='bbox 460 1203 622 1260; x_wconf 79' lang='lat' dir='ltr'>dubio,</span> <span class='ocrx_word' id='word_1_117' title='bbox 646 1202 719 1250; x_wconf 87' lang='lat' dir='ltr'>sed</span> <span class='ocrx_word' id='word_1_118' title='bbox 742 1214 886 1249; x_wconf 83' lang='lat' dir='ltr'>tamen</span> <span class='ocrx_word' id='word_1_119' title='bbox 904 1207 1039 1263; x_wconf 87' lang='lat' dir='ltr'>justo,</span> <span class='ocrx_word' id='word_1_120' title='bbox 1065 1204 1473 1253; x_wconf 50' lang='lat' dir='ltr'>Nabuchodonosor</span> 
     </span>
     <span class='ocr_line' id='line_1_16' title="bbox 91 1273 1472 1330; baseline -0.001 -7"><span class='ocrx_word' id='word_1_121' title='bbox 91 1274 250 1323; x_wconf 83' lang='lat' dir='ltr'>meruit</span> <span class='ocrx_word' id='word_1_122' title='bbox 274 1274 486 1330; x_wconf 77' lang='lat' dir='ltr'>converti,</span> <span class='ocrx_word' id='word_1_123' title='bbox 509 1273 754 1321; x_wconf 81' lang='lat' dir='ltr'>Antiochus</span> <span class='ocrx_word' id='word_1_124' title='bbox 772 1274 931 1320; x_wconf 87' lang='lat' dir='ltr'>meruit</span> <span class='ocrx_word' id='word_1_125' title='bbox 952 1273 1175 1324; x_wconf 86' lang='lat' dir='ltr'>obdurari.</span> <span class='ocrx_word' id='word_1_126' title='bbox 1207 1275 1284 1325; x_wconf 87' lang='lat' dir='ltr'>llle</span> <span class='ocrx_word' id='word_1_127' title='bbox 1304 1277 1472 1325; x_wconf 70' lang='lat' dir='ltr'>invenit</span> 
     </span>
     <span class='ocr_line' id='line_1_17' title="bbox 92 1345 983 1409; baseline 0.001 -17"><span class='ocrx_word' id='word_1_128' title='bbox 92 1345 451 1403; x_wconf 83' lang='lat' dir='ltr'>misericordiam,</span> <span class='ocrx_word' id='word_1_129' title='bbox 472 1345 550 1391; x_wconf 91' lang='lat' dir='ltr'>iste</span> <span class='ocrx_word' id='word_1_130' title='bbox 576 1345 693 1391; x_wconf 81' lang='lat' dir='ltr'>auxit</span> <span class='ocrx_word' id='word_1_131' title='bbox 719 1345 983 1409; x_wconf 79' lang='lat' dir='ltr'>superbiam.</span> 
     </span>
    </p>

    <p class='ocr_par' dir='ltr' id='par_1_4' title="bbox 91 1415 1476 2609">
     <span class='ocr_line' id='line_1_18' title="bbox 156 1415 1469 1482; baseline 0.002 -20"><span class='ocrx_word' id='word_1_132' title='bbox 156 1416 239 1464; x_wconf 92' lang='grc' dir='ltr'><strong>ΙΙΙ.</strong></span> <span class='ocrx_word' id='word_1_133' title='bbox 283 1415 368 1463; x_wconf 89' lang='lat' dir='ltr'>Sed</span> <span class='ocrx_word' id='word_1_134' title='bbox 409 1426 623 1480; x_wconf 87' lang='lat' dir='ltr'>quantum</span> <span class='ocrx_word' id='word_1_135' title='bbox 666 1427 708 1462; x_wconf 88' lang='lat' dir='ltr'>et</span> <span class='ocrx_word' id='word_1_136' title='bbox 751 1433 977 1480; x_wconf 87' lang='lat' dir='ltr'>quousque</span> <span class='ocrx_word' id='word_1_137' title='bbox 1019 1418 1136 1467; x_wconf 75' lang='lat' dir='ltr'>auxit</span> <span class='ocrx_word' id='word_1_138' title='bbox 1191 1419 1469 1482; x_wconf 63' lang='lat' dir='ltr'>superbiam?</span> 
     </span>
     <span class='ocr_line' id='line_1_19' title="bbox 92 1486 1470 1553; baseline -0.001 -17"><span class='ocrx_word' id='word_1_139' title='bbox 92 1507 112 1529; x_wconf 83' lang='lat'><strong><em>«</em></strong></span> <span class='ocrx_word' id='word_1_140' title='bbox 135 1487 236 1536; x_wconf 88' lang='lat' dir='ltr'>Vidi</span> <span class='ocrx_word' id='word_1_141' title='bbox 257 1486 446 1551; x_wconf 86' lang='lat' dir='ltr'>impium</span> <span class='ocrx_word' id='word_1_142' title='bbox 468 1486 642 1533; x_wconf 85' lang='lat' dir='ltr'>exaltari</span> <span class='ocrx_word' id='word_1_143' title='bbox 661 1504 791 1550; x_wconf 88' lang='lat' dir='ltr'>super</span> <span class='ocrx_word' id='word_1_144' title='bbox 806 1486 958 1534; x_wconf 84' lang='lat' dir='ltr'>cedros</span> <span class='ocrx_word' id='word_1_145' title='bbox 974 1488 1147 1537; x_wconf 84' lang='lat' dir='ltr'>Libani.</span> <span class='ocrx_word' id='word_1_146' title='bbox 1168 1510 1189 1535; x_wconf 72' lang='lat'>»2</span> <span class='ocrx_word' id='word_1_147' title='bbox 1205 1490 1470 1553; x_wconf 57' lang='lat' dir='ltr'>Quousque?</span> 
     </span>
     <span class='ocr_line' id='line_1_20' title="bbox 91 1558 1466 1623; baseline 0 -18"><span class='ocrx_word' id='word_1_148' title='bbox 91 1558 319 1622; x_wconf 73' lang='lat' dir='ltr'>quandiu?</span> <span class='ocrx_word' id='word_1_149' title='bbox 344 1579 364 1599; x_wconf 78' lang='lat' dir='ltr'>c&lt;</span> <span class='ocrx_word' id='word_1_150' title='bbox 385 1558 609 1612; x_wconf 79' lang='lat' dir='ltr'>Transivi,</span> <span class='ocrx_word' id='word_1_151' title='bbox 636 1568 678 1603; x_wconf 87' lang='lat' dir='ltr'>et</span> <span class='ocrx_word' id='word_1_152' title='bbox 701 1574 800 1603; x_wconf 89' lang='lat' dir='ltr'>ecce</span> <span class='ocrx_word' id='word_1_153' title='bbox 824 1575 911 1604; x_wconf 89' lang='lat' dir='ltr'>non</span> <span class='ocrx_word' id='word_1_154' title='bbox 938 1568 1031 1604; x_wconf 85' lang='lat' dir='ltr'>erat</span> <span class='ocrx_word' id='word_1_155' title='bbox 1057 1577 1069 1605; x_wconf 71' lang='grc' dir='ltr'>ι</span> <span class='ocrx_word' id='word_1_156' title='bbox 1090 1570 1132 1620; x_wconf 72' lang='lat' dir='ltr'>et</span> <span class='ocrx_word' id='word_1_157' title='bbox 1153 1560 1334 1623; x_wconf 83' lang='lat' dir='ltr'>quaesivi</span> <span class='ocrx_word' id='word_1_158' title='bbox 1351 1577 1466 1617; x_wconf 86' lang='lat' dir='ltr'>eum,</span> 
     </span>
     <span class='ocr_line' id='line_1_21' title="bbox 93 1628 1473 1695; baseline 0.003 -22"><span class='ocrx_word' id='word_1_159' title='bbox 93 1652 114 1675; x_wconf 85' lang='lat'>»</span> <span class='ocrx_word' id='word_1_160' title='bbox 137 1639 181 1677; x_wconf 82' lang='lat' dir='ltr'>et</span> <span class='ocrx_word' id='word_1_161' title='bbox 208 1646 298 1677; x_wconf 88' lang='lat' dir='ltr'>non</span> <span class='ocrx_word' id='word_1_162' title='bbox 325 1640 390 1676; x_wconf 89' lang='lat' dir='ltr'>est</span> <span class='ocrx_word' id='word_1_163' title='bbox 425 1630 625 1676; x_wconf 88' lang='lat' dir='ltr'>inventus</span> <span class='ocrx_word' id='word_1_164' title='bbox 649 1629 769 1675; x_wconf 91' lang='lat' dir='ltr'>locus</span> <span class='ocrx_word' id='word_1_165' title='bbox 795 1633 886 1690; x_wconf 76' lang='lat' dir='ltr'>ejus</span> <span class='ocrx_word' id='word_1_166' title='bbox 898 1628 931 1676; x_wconf 71' lang='lat'>1.</span> <span class='ocrx_word' id='word_1_167' title='bbox 958 1651 979 1672; x_wconf 92' lang='lat'>»</span> <span class='ocrx_word' id='word_1_168' title='bbox 1003 1631 1118 1676; x_wconf 77' lang='lat' dir='ltr'>Bene</span> <span class='ocrx_word' id='word_1_169' title='bbox 1146 1649 1157 1677; x_wconf 75' lang='grc' dir='ltr'><strong><em>ε</em></strong></span> <span class='ocrx_word' id='word_1_170' title='bbox 1186 1632 1401 1695; x_wconf 76' lang='lat' dir='ltr'>quaesisti,</span> <span class='ocrx_word' id='word_1_171' title='bbox 1430 1643 1473 1677; x_wconf 89' lang='lat' dir='ltr'>et</span> 
     </span>
     <span class='ocr_line' id='line_1_22' title="bbox 93 1700 1470 1765; baseline 0.001 -17"><span class='ocrx_word' id='word_1_172' title='bbox 93 1718 182 1748; x_wconf 85' lang='lat' dir='ltr'>non</span> <span class='ocrx_word' id='word_1_173' title='bbox 202 1701 402 1747; x_wconf 88' lang='lat' dir='ltr'>invenisti</span> <span class='ocrx_word' id='word_1_174' title='bbox 420 1738 430 1757; x_wconf 84' lang='lat'>‚</span> <span class='ocrx_word' id='word_1_175' title='bbox 458 1700 560 1764; x_wconf 85' lang='lat' dir='ltr'>quia</span> <span class='ocrx_word' id='word_1_176' title='bbox 574 1700 777 1747; x_wconf 83' lang='lat' dir='ltr'>transisti.</span> <span class='ocrx_word' id='word_1_177' title='bbox 799 1701 872 1746; x_wconf 61' lang='lat' dir='ltr'>tis</span> <span class='ocrx_word' id='word_1_178' title='bbox 887 1700 1031 1748; x_wconf 77' lang='lat' dir='ltr'>videre</span> <span class='ocrx_word' id='word_1_179' title='bbox 1054 1701 1239 1765; x_wconf 84' lang='lat' dir='ltr'>impium</span> <span class='ocrx_word' id='word_1_180' title='bbox 1254 1719 1341 1751; x_wconf 88' lang='lat' dir='ltr'>non</span> <span class='ocrx_word' id='word_1_181' title='bbox 1358 1706 1470 1749; x_wconf 69' lang='lat' dir='ltr'>esse?</span> 
     </span>
     <span class='ocr_line' id='line_1_23' title="bbox 93 1771 1466 1836; baseline 0.001 -16"><span class='ocrx_word' id='word_1_182' title='bbox 93 1773 156 1820; x_wconf 82' lang='lat' dir='ltr'>vis</span> <span class='ocrx_word' id='word_1_183' title='bbox 185 1789 379 1836; x_wconf 86' lang='lat' dir='ltr'>quaerere</span> <span class='ocrx_word' id='word_1_184' title='bbox 406 1789 528 1829; x_wconf 76' lang='lat' dir='ltr'>eum,</span> <span class='ocrx_word' id='word_1_185' title='bbox 555 1782 597 1817; x_wconf 87' lang='lat' dir='ltr'>ct</span> <span class='ocrx_word' id='word_1_186' title='bbox 628 1771 775 1817; x_wconf 87' lang='lat' dir='ltr'>locum</span> <span class='ocrx_word' id='word_1_187' title='bbox 805 1776 895 1831; x_wconf 83' lang='lat' dir='ltr'>ejus</span> <span class='ocrx_word' id='word_1_188' title='bbox 931 1789 1019 1818; x_wconf 90' lang='lat' dir='ltr'>non</span> <span class='ocrx_word' id='word_1_189' title='bbox 1055 1773 1274 1821; x_wconf 72' lang='lat' dir='ltr'>invenire?</span> <span class='ocrx_word' id='word_1_190' title='bbox 1297 1774 1466 1821; x_wconf 84' lang='lat' dir='ltr'>Transi.</span> 
     </span>
     <span class='ocr_line' id='line_1_24' title="bbox 93 1842 1472 1906; baseline -0.001 -16"><span class='ocrx_word' id='word_1_191' title='bbox 93 1843 216 1901; x_wconf 84' lang='lat' dir='ltr'>Quid</span> <span class='ocrx_word' id='word_1_192' title='bbox 249 1843 352 1890; x_wconf 92' lang='lat' dir='ltr'>dico</span> <span class='ocrx_word' id='word_1_193' title='bbox 382 1861 392 1889; x_wconf 70' lang='grc' dir='ltr'><strong>ι</strong></span> <span class='ocrx_word' id='word_1_194' title='bbox 419 1843 602 1889; x_wconf 61' lang='lat' dir='ltr'>Transi?</span> <span class='ocrx_word' id='word_1_195' title='bbox 631 1842 728 1888; x_wconf 65' lang='lat' dir='ltr'>Noli</span> <span class='ocrx_word' id='word_1_196' title='bbox 753 1860 1030 1906; x_wconf 79' lang='lat' dir='ltr'>expavescere</span> <span class='ocrx_word' id='word_1_197' title='bbox 1057 1860 1069 1889; x_wconf 72' lang='grc' dir='ltr'>ε</span> <span class='ocrx_word' id='word_1_198' title='bbox 1096 1860 1183 1890; x_wconf 89' lang='lat' dir='ltr'>non</span> <span class='ocrx_word' id='word_1_199' title='bbox 1215 1843 1302 1892; x_wconf 76' lang='lat' dir='ltr'>dixi</span> <span class='ocrx_word' id='word_1_200' title='bbox 1330 1861 1340 1891; x_wconf 72' lang='grc' dir='ltr'><strong><em>ε</em></strong></span> <span class='ocrx_word' id='word_1_201' title='bbox 1371 1845 1472 1889; x_wconf 85' lang='grc' dir='ltr'>Μο-</span> 
     </span>
     <span class='ocr_line' id='line_1_25' title="bbox 94 1913 1472 1972; baseline -0.001 -11"><span class='ocrx_word' id='word_1_202' title='bbox 94 1932 184 1962; x_wconf 89' lang='lat' dir='ltr'>rere</span> <span class='ocrx_word' id='word_1_203' title='bbox 208 1933 218 1961; x_wconf 76' lang='lat' dir='ltr'><strong><em>z</em></strong></span> <span class='ocrx_word' id='word_1_204' title='bbox 246 1915 414 1961; x_wconf 86' lang='lat' dir='ltr'>Putasti</span> <span class='ocrx_word' id='word_1_205' title='bbox 452 1915 569 1960; x_wconf 90' lang='lat' dir='ltr'>enim</span> <span class='ocrx_word' id='word_1_206' title='bbox 608 1932 676 1959; x_wconf 87' lang='lat' dir='ltr'>me</span> <span class='ocrx_word' id='word_1_207' title='bbox 703 1913 886 1959; x_wconf 69' lang='lat' dir='ltr'>dixisset</span> <span class='ocrx_word' id='word_1_208' title='bbox 918 1914 1073 1961; x_wconf 83' lang='lat' dir='ltr'>Transi</span> <span class='ocrx_word' id='word_1_209' title='bbox 1105 1914 1158 1960; x_wconf 94' lang='lat' dir='ltr'>de</span> <span class='ocrx_word' id='word_1_210' title='bbox 1181 1914 1267 1961; x_wconf 78' lang='lat' dir='ltr'>hac</span> <span class='ocrx_word' id='word_1_211' title='bbox 1297 1915 1403 1972; x_wconf 85' lang='lat' dir='ltr'>vita,</span> <span class='ocrx_word' id='word_1_212' title='bbox 1430 1926 1472 1960; x_wconf 91' lang='lat' dir='ltr'>et</span> 
     </span>
     <span class='ocr_line' id='line_1_26' title="bbox 93 1984 1470 2049; baseline -0.001 -17"><span class='ocrx_word' id='word_1_213' title='bbox 93 1985 191 2032; x_wconf 84' lang='lat' dir='ltr'>ideo</span> <span class='ocrx_word' id='word_1_214' title='bbox 209 1985 437 2049; x_wconf 84' lang='lat' dir='ltr'>expavisti,</span> <span class='ocrx_word' id='word_1_215' title='bbox 458 1986 661 2049; x_wconf 88' lang='lat' dir='ltr'>quianon</span> <span class='ocrx_word' id='word_1_216' title='bbox 676 1984 877 2031; x_wconf 82' lang='lat' dir='ltr'>transisti.</span> <span class='ocrx_word' id='word_1_217' title='bbox 904 1984 1024 2042; x_wconf 89' lang='lat' dir='ltr'>Quid</span> <span class='ocrx_word' id='word_1_218' title='bbox 1041 1996 1121 2041; x_wconf 87' lang='lat' dir='ltr'>est,</span> <span class='ocrx_word' id='word_1_219' title='bbox 1145 2002 1233 2032; x_wconf 91' lang='lat' dir='ltr'>non</span> <span class='ocrx_word' id='word_1_220' title='bbox 1249 1986 1434 2031; x_wconf 85' lang='lat' dir='ltr'>transisti</span> <span class='ocrx_word' id='word_1_221' title='bbox 1452 1990 1470 2031; x_wconf 70' lang='grc' dir='ltr'>ζ)</span> 
     </span>
     <span class='ocr_line' id='line_1_27' title="bbox 96 2054 1471 2116; baseline -0.002 -14"><span class='ocrx_word' id='word_1_222' title='bbox 96 2057 194 2102; x_wconf 79' lang='lat' dir='ltr'>Non</span> <span class='ocrx_word' id='word_1_223' title='bbox 220 2055 405 2101; x_wconf 84' lang='lat' dir='ltr'>transisti</span> <span class='ocrx_word' id='word_1_224' title='bbox 434 2057 649 2101; x_wconf 85' lang='lat' dir='ltr'>erectione</span> <span class='ocrx_word' id='word_1_225' title='bbox 667 2054 810 2100; x_wconf 79' lang='lat' dir='ltr'>cordis</span> <span class='ocrx_word' id='word_1_226' title='bbox 826 2091 837 2108; x_wconf 85' lang='lat'><strong><em>‚</em></strong></span> <span class='ocrx_word' id='word_1_227' title='bbox 861 2055 1108 2116; x_wconf 85' lang='lat' dir='ltr'>temporalis</span> <span class='ocrx_word' id='word_1_228' title='bbox 1132 2055 1350 2101; x_wconf 77' lang='lat' dir='ltr'>felicitatis</span> <span class='ocrx_word' id='word_1_229' title='bbox 1373 2055 1471 2101; x_wconf 73' lang='lat' dir='ltr'>ille--</span> 
     </span>
     <span class='ocr_line' id='line_1_28' title="bbox 93 2123 1476 2181; baseline -0.001 -8"><span class='ocrx_word' id='word_1_230' title='bbox 93 2127 275 2181; x_wconf 79' lang='lat' dir='ltr'>cebras3</span> <span class='ocrx_word' id='word_1_231' title='bbox 302 2143 390 2173; x_wconf 91' lang='lat' dir='ltr'>non</span> <span class='ocrx_word' id='word_1_232' title='bbox 416 2125 604 2171; x_wconf 77' lang='lat' dir='ltr'>transisti</span> <span class='ocrx_word' id='word_1_233' title='bbox 631 2123 931 2168; x_wconf 83' lang='lat' dir='ltr'>blandimenta</span> <span class='ocrx_word' id='word_1_234' title='bbox 959 2124 1099 2170; x_wconf 87' lang='lat' dir='ltr'>carnis</span> <span class='ocrx_word' id='word_1_235' title='bbox 1118 2161 1128 2178; x_wconf 94' lang='lat'>‚</span> <span class='ocrx_word' id='word_1_236' title='bbox 1165 2141 1252 2171; x_wconf 90' lang='lat' dir='ltr'>non</span> <span class='ocrx_word' id='word_1_237' title='bbox 1285 2127 1476 2172; x_wconf 81' lang='lat' dir='ltr'>transisti</span> 
     </span>
     <span class='ocr_line' id='line_1_29' title="bbox 93 2194 1476 2260; baseline -0.001 -16"><span class='ocrx_word' id='word_1_238' title='bbox 93 2198 382 2260; x_wconf 82' lang='lat' dir='ltr'>suggestiones</span> <span class='ocrx_word' id='word_1_239' title='bbox 401 2195 547 2243; x_wconf 71' lang='lat' dir='ltr'>saeculi</span> <span class='ocrx_word' id='word_1_240' title='bbox 573 2213 648 2241; x_wconf 88' lang='lat' dir='ltr'>cor</span> <span class='ocrx_word' id='word_1_241' title='bbox 668 2194 889 2241; x_wconf 81' lang='lat' dir='ltr'>titillantes</span> <span class='ocrx_word' id='word_1_242' title='bbox 906 2205 948 2240; x_wconf 89' lang='lat' dir='ltr'>et</span> <span class='ocrx_word' id='word_1_243' title='bbox 975 2195 1252 2243; x_wconf 86' lang='lat' dir='ltr'>immittentes</span> <span class='ocrx_word' id='word_1_244' title='bbox 1274 2197 1426 2243; x_wconf 85' lang='lat' dir='ltr'>timore</span> <span class='ocrx_word' id='word_1_245' title='bbox 1443 2214 1476 2243; x_wconf 86' lang='lat' dir='ltr'>n</span> 
     </span>
     <span class='ocr_line' id='line_1_30' title="bbox 94 2266 1473 2331; baseline -0.003 -15"><span class='ocrx_word' id='word_1_246' title='bbox 94 2270 362 2316; x_wconf 88' lang='lat' dir='ltr'>miseriarum</span> <span class='ocrx_word' id='word_1_247' title='bbox 386 2269 692 2314; x_wconf 85' lang='lat' dir='ltr'>humanarum.</span> <span class='ocrx_word' id='word_1_248' title='bbox 724 2266 828 2313; x_wconf 80' lang='lat' dir='ltr'>Ideo</span> <span class='ocrx_word' id='word_1_249' title='bbox 858 2267 902 2312; x_wconf 91' lang='lat' dir='ltr'>in</span> <span class='ocrx_word' id='word_1_250' title='bbox 929 2266 1015 2312; x_wconf 87' lang='lat' dir='ltr'>hoc</span> <span class='ocrx_word' id='word_1_251' title='bbox 1048 2267 1213 2313; x_wconf 80' lang='lat' dir='ltr'>inundo</span> <span class='ocrx_word' id='word_1_252' title='bbox 1239 2278 1366 2331; x_wconf 81' lang='lat' dir='ltr'>putas</span> <span class='ocrx_word' id='word_1_253' title='bbox 1387 2286 1473 2313; x_wconf 55' lang='lat' dir='ltr'>osse</span> 
     </span>
     <span class='ocr_line' id='line_1_31' title="bbox 94 2338 1464 2401; baseline -0.001 -14"><span class='ocrx_word' id='word_1_254' title='bbox 94 2340 341 2387; x_wconf 85' lang='lat' dir='ltr'>felicitatem</span> <span class='ocrx_word' id='word_1_255' title='bbox 359 2378 369 2395; x_wconf 81' lang='lat'>‚</span> <span class='ocrx_word' id='word_1_256' title='bbox 395 2341 440 2386; x_wconf 88' lang='lat' dir='ltr'>in</span> <span class='ocrx_word' id='word_1_257' title='bbox 467 2339 553 2385; x_wconf 81' lang='lat' dir='ltr'>hoc</span> <span class='ocrx_word' id='word_1_258' title='bbox 581 2338 746 2384; x_wconf 85' lang='lat' dir='ltr'>mundo</span> <span class='ocrx_word' id='word_1_259' title='bbox 777 2356 863 2383; x_wconf 88' lang='lat' dir='ltr'>non</span> <span class='ocrx_word' id='word_1_260' title='bbox 889 2349 1017 2401; x_wconf 76' lang='lat' dir='ltr'>putas</span> <span class='ocrx_word' id='word_1_261' title='bbox 1043 2355 1128 2384; x_wconf 83' lang='lat' dir='ltr'>esse</span> <span class='ocrx_word' id='word_1_262' title='bbox 1160 2338 1464 2386; x_wconf 66' lang='lat' dir='ltr'>calamitatem.</span> 
     </span>
     <span class='ocr_line' id='line_1_32' title="bbox 97 2409 1474 2471; baseline -0.001 -15"><span class='ocrx_word' id='word_1_263' title='bbox 97 2410 295 2460; x_wconf 81' lang='lat' dir='ltr'>Felicitas</span> <span class='ocrx_word' id='word_1_264' title='bbox 318 2411 436 2471; x_wconf 79' lang='lat' dir='ltr'>regni</span> <span class='ocrx_word' id='word_1_265' title='bbox 460 2410 672 2456; x_wconf 75' lang='lat' dir='ltr'>coelorum</span> <span class='ocrx_word' id='word_1_266' title='bbox 713 2427 797 2455; x_wconf 88' lang='lat' dir='ltr'>non</span> <span class='ocrx_word' id='word_1_267' title='bbox 824 2409 962 2467; x_wconf 69' lang='lat' dir='ltr'>tvtigit</span> <span class='ocrx_word' id='word_1_268' title='bbox 989 2426 1064 2454; x_wconf 84' lang='lat' dir='ltr'>cor</span> <span class='ocrx_word' id='word_1_269' title='bbox 1083 2420 1230 2458; x_wconf 85' lang='lat' dir='ltr'>tuum.</span> <span class='ocrx_word' id='word_1_270' title='bbox 1256 2427 1341 2456; x_wconf 86' lang='lat' dir='ltr'>non</span> <span class='ocrx_word' id='word_1_271' title='bbox 1373 2410 1474 2456; x_wconf 83' lang='lat' dir='ltr'>inde</span> 
     </span>
     <span class='ocr_line' id='line_1_33' title="bbox 96 2479 1471 2547; baseline -0.001 -19"><span class='ocrx_word' id='word_1_272' title='bbox 96 2499 265 2547; x_wconf 80' lang='lat' dir='ltr'>aspersa</span> <span class='ocrx_word' id='word_1_273' title='bbox 285 2492 347 2527; x_wconf 84' lang='lat' dir='ltr'>est</span> <span class='ocrx_word' id='word_1_274' title='bbox 364 2482 543 2528; x_wconf 67' lang='lat' dir='ltr'>testibus</span> <span class='ocrx_word' id='word_1_275' title='bbox 565 2481 648 2526; x_wconf 80' lang='lat' dir='ltr'>tuis</span> <span class='ocrx_word' id='word_1_276' title='bbox 667 2498 767 2526; x_wconf 83' lang='lat' dir='ltr'>aura</span> <span class='ocrx_word' id='word_1_277' title='bbox 795 2479 1014 2539; x_wconf 68' lang='lat' dir='ltr'>refrigerii.</span> <span class='ocrx_word' id='word_1_278' title='bbox 1043 2480 1232 2538; x_wconf 80' lang='lat' dir='ltr'>Quando</span> <span class='ocrx_word' id='word_1_279' title='bbox 1258 2481 1335 2527; x_wconf 85' lang='lat' dir='ltr'>tibi</span> <span class='ocrx_word' id='word_1_280' title='bbox 1357 2481 1471 2527; x_wconf 80' lang='lat' dir='ltr'>‹lici-</span> 
     </span>
     <span class='ocr_line' id='line_1_34' title="bbox 101 2551 1470 2609; baseline -0.001 -10"><span class='ocrx_word' id='word_1_281' title='bbox 101 2562 171 2602; x_wconf 83' lang='lat' dir='ltr'>tur</span> <span class='ocrx_word' id='word_1_282' title='bbox 191 2571 203 2598; x_wconf 68' lang='grc' dir='ltr'><strong>ε</strong></span> <span class='ocrx_word' id='word_1_283' title='bbox 226 2552 346 2598; x_wconf 80' lang='lat' dir='ltr'>Falsa</span> <span class='ocrx_word' id='word_1_284' title='bbox 365 2563 427 2598; x_wconf 81' lang='lat' dir='ltr'>est</span> <span class='ocrx_word' id='word_1_285' title='bbox 438 2552 619 2598; x_wconf 78' lang='lat' dir='ltr'>felicitas</span> <span class='ocrx_word' id='word_1_286' title='bbox 634 2551 809 2604; x_wconf 78' lang='lat' dir='ltr'>mundi;</span> <span class='ocrx_word' id='word_1_287' title='bbox 831 2552 907 2596; x_wconf 81' lang='lat' dir='ltr'>etsi</span> <span class='ocrx_word' id='word_1_288' title='bbox 928 2569 1012 2597; x_wconf 90' lang='lat' dir='ltr'>non</span> <span class='ocrx_word' id='word_1_289' title='bbox 1035 2551 1192 2598; x_wconf 82' lang='lat' dir='ltr'>audeas</span> <span class='ocrx_word' id='word_1_290' title='bbox 1208 2552 1266 2598; x_wconf 85' lang='lat' dir='ltr'>ita</span> <span class='ocrx_word' id='word_1_291' title='bbox 1280 2551 1470 2609; x_wconf 62' lang='grc' dir='ltr'>(Πρω-62,</span> 
     </span>
    </p>
   </div>
   <div class='ocr_carea' id='block_1_4' title="bbox 152 2641 1001 2686">
    <p class='ocr_par' dir='ltr' id='par_1_5' title="bbox 152 2641 1001 2686">
     <span class='ocr_line' id='line_1_35' title="bbox 152 2641 1001 2686; baseline -0.004 -11"><span class='ocrx_word' id='word_1_292' title='bbox 152 2645 160 2666; x_wconf 87' lang='lat'>¹</span> <span class='ocrx_word' id='word_1_293' title='bbox 181 2643 261 2678; x_wconf 70' lang='lat' dir='ltr'>Psal.</span> <span class='ocrx_word' id='word_1_294' title='bbox 282 2654 396 2686; x_wconf 67' lang='lat' dir='ltr'>xxxvi,</span> <span class='ocrx_word' id='word_1_295' title='bbox 421 2643 476 2686; x_wconf 72' lang='lat'>35,</span> <span class='ocrx_word' id='word_1_296' title='bbox 501 2644 613 2676; x_wconf 79' lang='lat'>36.-—</span> <span class='ocrx_word' id='word_1_297' title='bbox 627 2642 641 2663; x_wconf 59' lang='grc' dir='ltr'>’ἰ</span> <span class='ocrx_word' id='word_1_298' title='bbox 658 2644 752 2672; x_wconf 70' lang='lat' dir='ltr'>Forte</span> <span class='ocrx_word' id='word_1_299' title='bbox 768 2641 1001 2673; x_wconf 75' lang='lat' dir='ltr'>contradicere.</span> 
     </span>
    </p>
   </div>
   <div class='ocr_carea' id='block_1_5' title="bbox 1298 2695 1339 2749">
    <p class='ocr_par' dir='ltr' id='par_1_6' title="bbox 1298 2695 1339 2749">
     <span class='ocr_line' id='line_1_36' title="bbox 1298 2695 1339 2749; baseline 0 -14"><span class='ocrx_word' id='word_1_300' title='bbox 1298 2695 1339 2749; x_wconf 63' lang='lat'>4.</span> 
     </span>
    </p>
   </div>
  </div>
 </body>
</html>
