1942 3272
508 287 601 345 450
933 301 967 332 s.
1009 299 1254 332 AUGUSTINI
1289 301 1493 332 EPIscom

507 366 698 414 nabilem
727 365 888 422 vitam,
920 375 961 410 et
995 382 1081 410 non
1118 364 1445 412 desiderabilem
1469 405 1479 423 ,
1512 367 1702 414 dicentes
1733 364 1885 414 vobis-

506 438 700 501 metipsis
728 454 739 482 :
770 437 906 481 Amen
935 447 977 481 et
997 435 1175 482 Alleluia
1199 454 1366 501 semper
1397 438 1556 484 dicturi
1587 457 1734 485 sumus
1752 477 1763 494 ,
1789 439 1886 502 quis

509 507 717 555 durabit?
754 506 910 552 Dicam
934 523 1033 566 ergo
1051 543 1062 562 ,
1091 507 1125 552 si
1147 517 1298 570 potero
1319 545 1330 564 ,
1355 519 1566 571 quantum
1588 520 1754 573 potero.
1788 510 1887 555 Non

509 579 623 626 sonis
662 576 984 623 transeuntibus
1027 575 1221 622 dicemus
1260 580 1396 624 Amen
1420 589 1462 624 et
1489 578 1689 634 Alleluia,
1719 579 1793 624 sed
1818 580 1886 624 al—

509 652 626 698 fectu
645 649 790 696 animi.
817 647 937 705 Quid
959 648 1148 694 estenim
1172 651 1334 695 Amen?
1355 650 1463 713 quid
1491 650 1703 696 Alleluia?
1728 651 1882 708 Amen,

508 734 572 769 est
589 738 739 768 verum
760 738 770 765 :
794 718 994 775 Alleluia,
1019 719 1194 765 laudate
1220 721 1374 768 Deum.
1407 721 1521 778 Quia
1544 739 1643 782 ergo
1673 723 1788 768 Deus
1809 739 1887 768 ve-
1922 751 1923 757 =

506 793 612 839 ritas
633 801 695 837 est
708 789 1099 845 incommutabilis,
1123 790 1213 835 sine
1233 790 1423 847 defectu,
1444 792 1533 837 sine
1549 803 1778 856 provectu,
1799 792 1888 837 sine

507 861 788 916 detrimento,
815 859 903 905 sine
931 871 1183 919 augmento,
1211 860 1301 905 sine
1341 861 1523 921 alicujus
1546 862 1742 908 falsitatis
1766 861 1889 908 incli-
1922 892 1923 897 =

508 934 700 988 natione,
724 941 953 996 perpetua,
995 941 1036 976 et
1070 931 1255 986 stabilis,
1284 942 1327 977 et
1351 950 1519 996 semper
1543 933 1890 996 incorruptibilis
1922 972 1923 976 ,

507 1021 713 1056 manens3
747 1002 846 1047 haec
871 1012 1013 1047 autem
1045 1018 1145 1064 quae
1181 1003 1345 1061 agimus
1372 1003 1418 1048 111
1442 1015 1636 1049 creatura
1661 1014 1704 1049 et
1734 1004 1779 1048 in
1810 1004 1891 1048 ista

508 1077 615 1132 vita,
641 1073 760 1120 velut
782 1073 935 1132 figurae
968 1083 1068 1117 sunt
1101 1089 1244 1117 rerum
1277 1090 1355 1136 per
1374 1074 1706 1133 significationes
1737 1090 1892 1137 corpo·
1934 1092 1935 1096 ¹

508 1165 625 1200 rum,
653 1156 695 1192 et
715 1144 918 1208 quaedam
941 1144 984 1189 in
1005 1144 1165 1207 quibus
1193 1144 1468 1190 ambulamus
1492 1163 1570 1208 per
1591 1145 1721 1191 fidem
1748 1163 1759 1190 :
1790 1162 1891 1190 cum
1933 1163 1935 1198 }

506 1217 744 1266 viderimus
760 1214 869 1260 facie
895 1214 948 1259 ad
972 1214 1124 1260 faciem
1141 1215 1259 1278 quod
1277 1232 1393 1261 nunc
1418 1215 1615 1261 videmus
1639 1232 1715 1279 per
1733 1232 1892 1277 specu-
1924 1223 1935 1249 ὅ

507 1290 599 1336 lum
627 1288 671 1333 in
692 1286 936 1345 aenigmate,
965 1295 1071 1330 tunc
1094 1286 1220 1346 longe
1248 1285 1332 1331 alio
1358 1297 1401 1332 et
1417 1286 1694 1332 ineffabiliter
1714 1285 1797 1331 alio
1825 1284 1893 1331 af-
1926 1295 1928 1298 ’

509 1361 626 1406 fectu
653 1357 847 1403 dicemus
870 1373 880 1400 :
909 1355 1068 1400 Verum
1088 1367 1150 1401 est
1173 1375 1183 1401 ε
1208 1367 1368 1401 etcum
1394 1357 1481 1402 hoc
1505 1357 1728 1402 dicemus:
1758 1357 1894 1402 Amen

507 1430 658 1492 utique
685 1427 895 1480 dicemus,
922 1425 995 1470 sed
1018 1426 1252 1471 insatiabili
1281 1427 1489 1473 satietate.
1525 1427 1637 1482 Quia
1662 1426 1776 1472 enim
1806 1443 1894 1471 non

511 1500 649 1547 deerit
671 1496 865 1560 aliquid,
895 1495 992 1540 ideo
1020 1496 1191 1541 satietas
1223 1515 1232 1541 :
1271 1497 1377 1560 quia
1405 1515 1507 1542 vero
1531 1496 1637 1542 illud
1663 1496 1781 1559 quod
1806 1513 1893 1541 non

513 1569 649 1617 deerit
678 1583 845 1629 semper
877 1564 1142 1620 delectabit,
1170 1566 1266 1611 ideo
1294 1566 1524 1629 quaedmn,
1553 1567 1588 1612 si
1619 1567 1705 1612 dici
1732 1577 1890 1630 potest,

511 1637 769 1687 insatiabilis
793 1635 961 1681 satietas
990 1635 1084 1682 erit.
1121 1636 1266 1692 Quam
1296 1653 1395 1695 ergo
1423 1636 1726 1682 insatiabiliter
1761 1636 1895 1681 satia-

510 1710 627 1757 beris
646 1707 839 1761 veritate,
860 1716 1004 1751 tamen
1028 1706 1215 1752 sanabili
1239 1707 1418 1752 veritate
1437 1707 1582 1753 dices:
1608 1707 1760 1754 Amen.
1796 1706 1820 1750 J
1827 1723 1896 1751 am

515 1780 640 1845 quale
663 1789 725 1823 est
748 1777 844 1840 quis
866 1786 1009 1839 potest
1032 1776 1173 1822 dicere
1198 1795 1207 1822 :
1236 1799 1254 1817 «
1283 1777 1413 1832 Quod
1448 1777 1599 1823 oculus
1639 1794 1726 1822 non
1752 1775 1893 1832 vidit,

516 1866 641 1896 »nec
680 1848 793 1893 auris
828 1846 1012 1899 audivit,
1051 1864 1130 1892 nec
1167 1847 1210 1892 111
1249 1864 1325 1892 cor
1369 1847 1558 1893 hominis
1605 1844 1898 1892 ascendum»

519 1920 635 1978 Quia
668 1919 816 1980 itaque
843 1917 932 1962 sine
961 1916 1107 1979 aliquo
1133 1916 1304 1962 fastidio
1333 1928 1373 1962 et
1398 1935 1493 1963 cum
1521 1928 1731 1980 perpetua
1761 1915 1900 1961 delec-

520 1992 680 2038 tatione
704 1987 950 2034 videbimus
973 2004 1140 2042 verum,
1168 2000 1209 2032 et
1228 1988 1461 2033 certissima
1485 1988 1701 2034 evidentia
1725 1997 1901 2032 contue-

519 2062 693 2115 bimur,
729 2074 873 2103 amore
899 2057 1036 2120 ipsius
1065 2058 1257 2103 veritatis
1290 2058 1457 2103 accensi
1493 2069 1535 2103 et
1568 2057 1830 2103 inhaerentes
1863 2055 1903 2101 ei

523 2131 642 2179 dulci
665 2141 707 2175 et
733 2139 849 2175 casto
874 2128 1072 2191 amplexu
1099 2129 1335 2192 eodemque
1358 2129 1632 2192 incorporeo,
1666 2128 1744 2174 tali
1773 2128 1902 2173 etiam

523 2219 629 2250 voce
650 2199 926 2246 laudabimus
946 2216 1063 2255 eum,
1087 2210 1128 2244 et
1148 2199 1340 2245 dicemus
1362 2216 1372 2243 t
1402 2199 1595 2245 Alleluia.
1624 2197 1901 2243 Exultantes2

525 2273 639 2319 enim
669 2288 710 2316 se
729 2270 782 2315 ad
809 2269 985 2332 parilem
1005 2269 1176 2314 laudem
1203 2269 1530 2327 flagrantissima
1557 2269 1768 2314 charitate
1788 2268 1904 2314 invi-

526 2360 619 2389 cem
645 2341 748 2387 etin
771 2341 907 2384 Deum
926 2377 936 2393 ,
968 2357 1113 2384 omnes
1132 2339 1244 2385 cives
1267 2339 1382 2385 illius
1406 2340 1593 2386 civitatis
1618 2339 1765 2385 dicent
1788 2357 1799 2384 ε
1825 2337 1904 2384 Al-

529 2413 688 2459 leluia:
712 2411 813 2474 quia
837 2410 983 2455 dicent
1005 2427 1015 2454 :
1050 2412 1196 2457 Amen.

593 2483 734 2529 XXX.
777 2480 884 2526 Haec
907 2480 1037 2539 igitur
1065 2481 1150 2526 vita
1175 2491 1421 2526 sanctorum
1454 2479 1582 2524 etiam
1616 2496 1799 2542 corpora
1829 2495 1906 2523 eo-

528 2572 627 2604 rum
666 2561 931 2600 commutata
965 2551 1010 2596 in
1043 2550 1260 2596 coelestem
1298 2561 1340 2596 et
1373 2550 1617 2611 angelicum
1658 2559 1816 2596 statum
1846 2548 1906 2596 sic

577 2649 589 2670 Ι
608 2658 621 2678 x
641 2646 714 2678 Cor.
732 2655 743 2676 x
761 2667 769 2683 ,
787 2654 821 2684 9.
835 2659 880 2667 -—
895 2640 911 2664 2
934 2644 1028 2674 Forte
1044 2640 1268 2675 Exhortantes.
