1942 3272
477 296 569 352 464
894 309 929 338 5.
972 307 1213 339 AUGUSTINI
1250 310 1454 342 nriscorl

467 399 490 420 »
510 372 714 428 dulcedo,
740 392 760 413 >³
780 371 886 436 quid
910 371 1028 418 aliud
1051 374 1263 433 significat
1279 392 1411 439 quam
1429 376 1652 423 Christum
1682 395 1704 423 a
1731 395 1842 424 mor-

465 449 550 494 tuis
585 446 909 503 resurgentem?
938 444 1001 488 De
1031 444 1182 490 edente
1209 446 1359 510 utique
1378 485 1388 504 ,
1426 448 1468 492 id
1505 459 1590 503 est,
1619 448 1672 494 de
1709 461 1846 495 morte

466 536 565 583 quae
588 528 745 563 cuncta
767 515 943 561 devorat
977 527 1106 578 atque
1129 519 1346 563 consumit
1370 518 1497 563 exivit
1525 519 1651 564 cibus
1676 520 1747 565 ille
1769 514 1847 584 qui

464 589 572 636 dixit
595 606 604 633 :
630 610 650 630 α
674 588 765 647 Ego
787 603 881 631 sum
902 585 1026 649 panis
1046 586 1170 633 vivus
1187 624 1197 643 ‚
1225 588 1300 651 qui
1326 588 1379 633 de
1399 588 1512 634 coelo
1545 588 1746 635 descendi
1763 589 1796 637 4.
1826 612 1846 632 ))

468 660 610 716 Quem
638 658 831 703 humana
858 656 1127 702 exacerbavit
1154 657 1384 720 iniquitas,
1415 669 1454 703 et
1485 659 1556 704 cui
1577 660 1685 704 aceti
1708 670 1750 705 et
1771 659 1846 706 fel-

465 731 516 776 lis
545 727 876 775 amaritudinem
904 727 1174 790 propinavit,
1203 728 1259 773 al)
1291 746 1339 773 eo
1364 728 1488 792 plebs
1514 730 1720 775 Gentium
1744 731 1847 776 vitae

466 799 742 845 dulcedinem
780 814 982 843 conversa
1022 797 1221 860 suscepit.
1266 800 1327 843 Ac
1362 799 1420 844 sic
1452 799 1504 845 de
1533 801 1691 846 mortui
1711 799 1846 845 leonis

467 888 556 926 ore,
574 869 711 924 idest,
727 868 780 914 de
794 868 958 913 Christi
974 879 1129 924 morte,
1154 869 1229 930 qui
1248 868 1465 914 accubans
1482 869 1684 916 dormivit
1705 870 1848 927 utleo,

465 957 616 1004 apum,
638 939 682 984 id
709 949 788 993 est,
816 938 1163 983 Christianorum
1187 940 1394 1001 processit
1417 957 1605 987 examen.
1621 941 1753 997 Quod
1773 958 1846 986 au-

463 1021 550 1055 tem
575 1009 700 1064 dicit,
723 1030 742 1049 «
770 1010 867 1053 Non
886 1008 1149 1053 invenissetis
1172 1009 1428 1071 parabolam
1458 1027 1615 1067 meam,
1638 1011 1717 1056 nisi
1738 1027 1848 1056 aras-

465 1101 485 1121 »
507 1080 603 1125 setis
636 1079 690 1124 in*
714 1077 851 1124 vitula
878 1095 967 1123 mea
990 1079 1007 1106 2
1033 1096 1043 1123 :
1075 1101 1094 1120 »
1120 1078 1253 1124 vitula
1285 1080 1382 1125 haec
1414 1080 1604 1126 Ecclesia
1629 1092 1691 1126 est
1712 1118 1722 1135 ,
1749 1098 1849 1144 quae

465 1149 565 1195 fidei
585 1148 806 1213 mysteria,
828 1148 1069 1206 Trinitatis,
1089 1150 1430 1206 resurrectionis,
1450 1150 1605 1209 judicii
1627 1151 1788 1214 pariter
1807 1162 1849 1196 et

464 1221 599 1281 regni,
620 1221 666 1266 in
683 1220 788 1265 fines
812 1230 938 1264 terrae
962 1237 1040 1283 per
1068 1220 1374 1284 Apostolorum
1400 1232 1442 1267 et
1465 1232 1713 1267 sanctorum
1739 1221 1849 1267 doc—

464 1292 620 1337 trinam
663 1307 712 1336 ac
749 1290 1108 1353 praedicationem
1147 1290 1341 1350 vulgavit
1364 1329 1374 1347 ,
1418 1302 1459 1335 et
1508 1291 1849 1351 intelligentibus

465 1374 593 1425 atque
613 1361 973 1421 cognoscentibus
995 1372 1169 1407 aeternae
1192 1363 1294 1407 vitae
1311 1362 1493 1424 praemia
1516 1362 1777 1425 repromisit.

530 1434 613 1480 llI.
657 1431 860 1493 Sequitur
883 1441 1044 1487 autem,
1069 1454 1088 1473 (ι
1117 1432 1256 1476 Iratus
1283 1442 1344 1476 est
1370 1432 1572 1489 Samson,
1600 1433 1701 1495 quia
1724 1431 1846 1478 duxit

463 1524 483 1544 >³
507 1502 662 1547 sodalis
685 1505 774 1559 ejtts
803 1517 973 1545 uxorem
992 1503 1096 1558 ejus.
1130 1523 1148 1542 >J
1175 1501 1341 1546 Sodalis
1376 1501 1452 1546 istc
1485 1502 1676 1547 omnium
1707 1503 1844 1547 heere-

462 1574 648 1619 ticorum
681 1572 863 1629 figuram
897 1570 1036 1629 gessit.
1073 1575 1278 1630 Magnum
1312 1582 1541 1628 secretum„
1573 1573 1723 1618 fratres
1741 1574 1837 1620 mei.

462 1644 573 1688 Nam
593 1640 809 1696 liassretici,
837 1640 912 1702 qui
930 1640 1163 1685 Ecclesiam
1184 1641 1443 1697 diviserunt,
1476 1659 1649 1687 uxorem
1668 1643 1846 1688 Domini

463 1714 527 1759 sui
561 1713 716 1758 ducere
758 1721 800 1756 et
846 1710 1062 1756 abducere
1096 1711 1340 1758 voluerunt.
1389 1713 1451 1757 De
1498 1712 1687 1758 Ecclesia
1732 1713 1846 1758 enim

463 1795 505 1829 et
532 1784 584 1829 de
618 1781 861 1841 Evangeliis
892 1781 1101 1839 exierunt,
1129 1782 1204 1845 qui
1223 1800 1301 1845 per
1324 1783 1557 1845 impietatis
1584 1784 1844 1830 adulterium

465 1853 700 1900 Ecclesiam
717 1889 728 1907 ‚
746 1851 790 1897 id
816 1862 895 1907 est,
921 1852 1086 1897 Christi
1105 1870 1264 1916 corpus
1292 1853 1336 1898 in
1358 1864 1525 1916 partem
1544 1871 1666 1900 suam
1686 1871 1846 1900 conan-

465 1935 536 1969 tur
554 1922 769 1970 invadere.
802 1921 926 1966 Unde
946 1922 1082 1967 fidelis
1102 1921 1171 1967 ille
1195 1940 1338 1968 servus
1359 1933 1400 1967 et
1423 1923 1586 1969 amicus
1609 1925 1846 1970 Dominicae

464 2011 632 2059 sponsae
657 1992 850 2056 loquitur
875 1992 1053 2038 dicens:
1082 2014 1102 2033 «
1135 1993 1356 2056 Despondi
1388 1994 1504 2038 enim
1542 2011 1615 2039 vos
1652 1994 1727 2039 uni
1753 1995 1847 2039 viro

465 2065 718 2124 »virginem
758 2073 918 2107 castam
962 2062 1163 2108 exhihere
1199 2063 1375 2108 Christo
1395 2063 1426 2109 3.
1478 2085 1498 2104 ›>
1534 2065 1588 2108 Et
1621 2063 1846 2127 depravati

467 2135 622 2182 sodalis
654 2133 793 2192 tangit
818 2132 935 2178 fideli
968 2133 1057 2178 zelo
1088 2145 1129 2178 et
1163 2134 1457 2196 increpatione
1481 2151 1724 2197 personam
1750 2155 1770 2175 «
1793 2135 1849 2178 Et

466 2227 487 2247 »
510 2207 673 2260 timeo,
707 2202 873 2265 inquit
913 2220 965 2247 ne
1002 2204 1113 2249 sicut
1148 2221 1321 2267 seipens
1361 2205 1494 2248 Evam
1518 2204 1699 2257 seduxit
1728 2204 1849 2249 itaet

467 2297 488 2317 »
513 2291 658 2320 sensus
674 2272 804 2317 vestii
826 2288 900 2316 col
905 2283 1163 2334 rumpantur
1177 2292 1199 2317 a
1217 2272 1337 2317 v‘aeiit
1339 2282 1393 2316 ite
1413 2288 1512 2334 quae
1531 2274 1653 2317 estin
1673 2275 1704 2317 (l
1711 2273 1847 2318 hristo

469 2366 490 2387 >2
515 2342 663 2389 Jesul⁸
697 2363 716 2382 ›)
744 2341 832 2396 Oui
869 2351 1010 2386 autem
1039 2352 1137 2386 sunt
1165 2342 1239 2387 sod
1245 2341 1345 2398 Miles
1385 2342 1428 2386 id
1458 2352 1536 2398 est,
1558 2342 1751 2388 haeretici
1775 2343 1847 2388 de-

470 2426 664 2469 sertores,
696 2411 772 2475 qui
809 2428 1010 2474 sponsam
1044 2412 1220 2457 Domini
1256 2412 1456 2459 invadere
1478 2412 1708 2459 voluerunt
1729 2450 1740 2467 ‚
1767 2413 1848 2458 nisi

468 2488 691 2540 Donatus,
726 2481 876 2539 Arius,
916 2482 1210 2539 Manichaeus,
1255 2493 1296 2528 et
1326 2493 1482 2528 caetera
1507 2499 1606 2529 vasa
1630 2484 1782 2530 erroris
1806 2494 1848 2529 et

466 2555 748 2622 perditionis?
768 2556 834 2600 De
855 2552 1015 2599 talibus
1034 2555 1265 2618 Apostolus
1284 2554 1407 2600 dicit:
1430 2575 1450 2596 α
1474 2554 1616 2600 Audio
1634 2555 1680 2601 iu
1697 2555 1839 2612 vobis,

511 2647 697 2685 ¹Joan.v1‚
719 2651 773 2681 [41.
789 2662 835 2668 --
853 2642 868 2666 2
884 2643 992 2680 Judic.
1019 2656 1086 2677 xxv.
1122 2649 1174 2680 18.
1194 2664 1238 2670 ——-
1270 2643 1284 2669 3
1311 2656 1329 2676 2
1358 2647 1433 2680 Cor.
1462 2657 1509 2686 xx,
1542 2657 1574 2680 2.
1593 2663 1640 2671 —
1663 2644 1777 2681 ⁴1bid.
1809 2648 1842 2678 3.
