1863 3246
211 273 357 304 SERMO
392 274 633 316 cccxxxlx‚
671 275 719 305 IN
753 274 828 305 DIE
862 273 1101 314 0RD1NAT.‚
1139 274 1232 304 ETC.
1318 258 1411 303 215

37 357 57 379 υ
82 337 206 384 coelis
229 349 306 385 est.
339 360 360 380 ›>
381 339 512 384 Aliud
551 351 613 385 est
638 339 683 386 in
709 339 827 385 bono
849 356 977 404 opere
1012 355 1204 402 quaerere
1245 338 1415 401 laud-em

36 418 178 463 tuam,
226 408 343 454 aliud
382 420 444 454 est
490 410 533 454 in
565 410 682 456 bono
726 428 854 474 opere
894 426 1086 473 quaerere
1117 409 1288 454 laudem
1312 410 1406 456 Dei.

37 478 224 534 Quando
260 480 418 543 quaeris
449 479 621 525 laudem
652 491 795 536 tuam,
822 481 868 525 in
888 480 1051 525 visione
1080 479 1309 525 hominum
1341 496 1412 524 re·-

35 548 228 594 mansisti
254 567 264 594 :
288 549 464 613 quando
494 551 653 613 quaeris
678 548 853 596 laudem
882 550 977 606 Dei,
1002 560 1207 595 aeternam
1232 549 1413 609 gloriam

43 619 287 681 acquisisti.
320 620 391 665 Sic
416 637 515 680 ergo
539 621 773 677 faciamus,
800 631 849 666 ut
875 638 963 666 non
993 619 1220 666 videamur
1251 619 1307 665 ab
1330 620 1417 665 ho-

36 689 251 748 minibus,
284 691 370 737 hoc
395 703 483 748 est,
521 693 582 738 sic
609 692 846 749 faciamus,
876 703 922 738 ut
945 692 1152 738 visionem
1183 691 1414 738 hominum

35 777 116 823 pro
142 761 336 808 mercede
360 781 447 808 non
471 780 718 826 quaeramus
745 782 755 810 ε
782 763 864 810 sed·
887 763 948 809 sic
972 763 1206 818 faciamus,
1230 773 1278 808 ut
1300 780 1323 807 a
1342 763 1413 808 vi—

37 829 240 878 dentibus
253 843 295 878 et
312 833 586 880 imitantibus
606 835 787 895 gloriam
806 834 1159 898 Deiquaeramus,
1180 843 1222 878 et
1234 850 1412 893 cognos-

36 918 184 950 camus
206 904 324 969 quod
351 905 385 952 si
410 922 486 951 nos
513 906 613 953 tales
640 924 728 953 non
750 905 927 962 faceret,
953 904 1066 952 nihil
1091 921 1288 952 essemus,

38 1108 340 1122 Μιτὶιιὶὶῆπνιδ
348 1107 1003 1124 ’ππνιιιὶἱἏῦΜιΜἏὶ-νυιιιῑνννυι
1012 1114 1045 1123 ιη
1054 1112 1146 1123 §ms-Q
1155 1110 1401 1124 wszmmm

420 1265 623 1312 SERMO
662 1266 974 1313 CCCXXXIX
991 1266 1024 1315 1.

368 1434 431 1479 [η
456 1433 533 1479 else
559 1432 873 1479 ordinationis
895 1451 1012 1492 sace,
1039 1436 1076 1480 J.

106 1620 139 1666 l.
174 1619 440 1665 Honmmx-ns
459 1618 547 1665 dies
570 1618 672 1673 iste,
694 1618 869 1675 fratres.
897 1618 1100 1664 admonet
1125 1636 1190 1664 me
1213 1619 1416 1666 attentius

40 1690 226 1750 cogitare
246 1691 458 1735 sarcinam
484 1707 636 1736 meam.
659 1690 723 1735 De
746 1691 870 1749 cujus
889 1689 1078 1753 pondere
1100 1691 1228 1735 etiam
1254 1691 1283 1737 si
1307 1691 1417 1737 mihi

40 1759 130 1806 dies
160 1770 392 1824 noctesque
416 1760 696 1820 cogitandum
725 1760 805 1815 sit,
836 1760 978 1806 nescio
1006 1777 1094 1824 quo
1120 1771 1263 1807 tamen
1287 1761 1417 1808 niodo

40 1832 352 1878 anniversarius
376 1832 454 1876 iste
476 1831 568 1876 dios
591 1831 794 1894 impingit
817 1848 909 1876 eam
929 1832 1123 1877 sensibus
1149 1833 1269 1882 meis.
1294 1843 1340 1878 ut
1362 1834 1416 1878 ab

40 1919 87 1947 ea
112 1902 343 1961 cogitanda
368 1903 544 1948 omnino
565 1901 834 1947 dissimulare
861 1919 947 1946 non
967 1903 1226 1965 possim-Et
1253 1915 1418 1966 quanto

40 1972 143 2018 anni
167 1972 398 2027 accedunt,
427 1973 514 2017 imo
539 1971 774 2027 decedunt,
806 1989 968 2035 nosque
992 1973 1323 2036 propinquiores
1347 1974 1416 2019 sa-

40 2044 160 2089 ciunt
204 2043 289 2089 diei
329 2044 508 2095 ultimo,
544 2044 693 2107 utique
733 2044 998 2107 quandoque
1031 2044 1120 2089 sine
1145 2044 1419 2091 dubitatione.

40 2124 240 2170 ventum,
269 2124 388 2159 tanto
406 2113 514 2159 mihi
540 2123 602 2159 est
626 2115 764 2159 acrior
781 2115 984 2173 cogitatio
1001 2152 1011 2164 ,
1039 2125 1079 2159 et
1103 2115 1300 2160 stimulus
1321 2116 1417 2179 ple-

42 2185 160 2241 nior,
193 2184 362 2247 qualem
393 2185 580 2230 Domino
609 2186 698 2229 Deo
732 2196 875 2230 nostro
900 2185 1105 2230 rationem
1132 2187 1290 2249 possim
1316 2186 1421 2232 red—-

0 2246 1 2291 3
42 2254 142 2300 dore.
173 2272 253 2318 ‘pro
284 2256 422 2303 vobis.
460 2256 554 2300 lior.
582 2256 695 2300 enim
725 2256 898 2302 interest
928 2256 1038 2301 inter
1068 2272 1422 2320 unumquemque

42 2326 229 2372 vestrum
252 2336 293 2370 et.
312 2344 404 2380 nos,
419 2326 534 2389 quod
552 2344 624 2372 ros
644 2343 752 2390 pene
771 2327 823 2372 de
836 2327 959 2373 vobis
977 2326 1075 2373 solis
1095 2325 1304 2373 reddituri
1323 2330 1420 2373 estis

44 2397 277 2452 rationem,
296 2414 371 2441 nos
385 2408 527 2442 autem
544 2407 583 2441 et
606 2397 798 2442 denobis
812 2398 917 2442 etde
934 2399 1138 2443 omnibus
1156 2399 1293 2444 vobis.
1320 2399 1421 2443 ldeo

43 2471 181 2526 majOr
204 2477 265 2511 est
300 2468 466 2513 sareina
495 2485 505 2512 :
533 2467 602 2512 sed
633 2468 737 2512 bene
769 2478 937 2532 portata
968 2472 1169 2527 majorem
1193 2480 1411 2531 comparat

44 2536 249 2596 gloriatin
278 2536 505 2582 infideliter
535 2548 678 2583 autem
705 2548 817 2598 gesta
851 2538 903 2585 ad
934 2537 1283 2584 immanissimam
1320 2555 1420 2602 pre—

93 2624 102 2649 ¹
120 2623 205 2657 Alias
225 2626 280 2664 25,
297 2635 337 2656 ox
354 2627 394 2657 50
411 2625 521 2657 numni
535 2636 559 2658 s.
