1894 3236
244 276 386 307 §Liuio
425 274 638 316 (ccxxtn,
680 275 733 305 DF.
771 275 937 306 SANCTO
977 278 1222 309 STEPHANO.
1339 264 1419 328 157

0 335 2 347 ’
50 359 98 387 ex
113 342 186 388 illo
210 341 348 405 coepit
372 358 460 385 esse
479 341 540 386 ibi
563 341 771 386 Memoria
790 342 929 387 sancti
958 342 1189 404 Stephani,
1215 355 1255 388 et
1279 362 1425 389 rumor

51 423 158 469 erat,
177 412 277 475 quia
302 411 536 457 brachium
565 413 701 457 saneti
725 412 938 475 Stephani
954 411 1015 457 ibi
1037 423 1115 468 est,
1140 414 1426 459 nescientibus

51 483 304 530 hominibus
341 481 448 545 quid
482 483 741 541 contigisset.
790 482 947 527 x{erum
994 493 1137 528 autem
1171 484 1425 544 intelligitur

50 563 276 618 propterea
302 553 365 597 ibi
394 552 521 597 fuisse
550 552 785 598 revelatum
804 589 814 608 ‚
843 563 890 597 ut
924 552 989 597 ibi
1021 565 1199 615 poneret
1231 554 1420 617 lapidem

52 623 128 686 qui
147 622 200 668 de
218 622 369 668 cubito
390 622 591 684 Martyris
611 639 807 668 excussus
827 632 904 678 est,
930 623 1032 684 quia
1052 623 1203 668 Graece
1225 624 1423 669 cubitum

52 697 179 757 ‹istius›
205 693 378 739 dicitur.
428 692 512 737 Sed
549 693 623 755 qui
658 693 801 738 sciunt
831 709 930 755 quae
961 692 1022 737 ibi
1052 693 1259 738 miraculi
1294 696 1421 742 fiant.

50 763 132 826 ipsi
155 779 232 808 nos
260 762 460 809 doceant
504 763 602 807 Non
636 762 698 807 ibi
724 772 955 810 coemerunt
977 762 1067 807 fieri
1092 762 1170 808 ista
1196 763 1421 819 miracula,

51 832 130 877 nisi
164 842 448 895 posteaquam
482 849 641 895 corpus
668 834 805 877 saneti
830 831 1043 895 Stephani
1068 834 1285 895 apparuit.
1313 835 1344 877 E
1351 852 1425 879 ete

50 903 244 948 ibinon
224 913 285 947 est
300 903 762 962 curatusistejuvmis
785 903 998 948 utnostlis
1017 902 1152 948 oeulis
1165 920 1256 948 seri
1261 922 1329 948 a·1‹
1335 915 1417 950 tur.

114 973 195 1019 ΙΙΙ.
236 972 367 1035 Apud
390 972 553 1017 Uzalim
578 972 655 1018 ubi
671 984 731 1018 est
758 973 988 1035 episeopus
1012 972 1140 1018 frater
1160 991 1277 1018 meus
1304 975 1423 1019 Evo-

49 1042 168 1099 dius,
205 1053 369 1106 quanta
402 1043 611 1088 miracula
643 1043 705 1088 ihi
739 1044 847 1088 fiant
871 1042 1083 1106 quaerite,
1115 1055 1156 1088 et
1186 1045 1422 1092 invenietis,

48 1113 350 1160 Praetermissis
383 1123 523 1157 autem
556 1112 678 1162 aliis.
711 1113 859 1158 indico
889 1113 1012 1158 vobis
1050 1130 1184 1158 unum
1218 1114 1423 1177 quodibi

48 1183 211 1230 factum
230 1192 313 1238 est,
348 1192 396 1226 ut
414 1182 594 1228 videatis
618 1194 779 1246 quanta
807 1184 861 1228 sit
880 1184 942 1228 ihi
966 1184 1195 1246 praesentia
1223 1188 1424 1244 majesta-

49 1254 116 1300 tis.
154 1253 307 1299 Mulier
330 1252 533 1315 quaedam
563 1254 708 1299 subito
732 1264 943 1313 {egrotum
968 1254 1125 1309 fllium,
1148 1254 1218 1299 cui
1242 1272 1424 1300 succur-

48 1341 139 1371 rere
163 1322 405 1369 festinando
423 1340 510 1369 non
529 1324 692 1387 potuit,
718 1322 763 1369 in
780 1324 941 1384 gremio
962 1341 1037 1369 suo
1061 1323 1422 1370 catechumenum

49 1394 217 1448 amisit3
244 1410 343 1457 quae
375 1393 565 1440 clamans
591 1411 603 1441 z
638 1396 836 1441 Mortuus
857 1406 918 1441 est
936 1433 946 1452 ,
969 1395 1136 1458 inquit,
1163 1394 1278 1441 filius
1308 1413 1426 1442 meus

49 1464 402 1511 catechumenus
1017 1465 1033 1473 “

112 1534 186 1582 lV.
222 1535 277 1579 Et
300 1551 400 1580 cum
420 1534 519 1580 liaec
542 1534 703 1581 diceret
729 1536 992 1595 Augustinus
1007 1573 1017 1590 ,
1043 1534 1234 1600 populus
1257 1534 1309 1580 de
1336 1536 1426 1580 Me-

47 1606 180 1652 moria
194 1605 330 1652 sancti
348 1604 563 1669 Stephani
577 1605 761 1651 clamare
773 1607 927 1670 coepit,
946 1606 1036 1650 Deo
1053 1606 1226 1665 gratias,
1246 1605 1422 1650 Christo

46 1675 206 1723 laudes.
239 1677 291 1721 In
315 1693 401 1739 quo
426 1676 634 1722 continuo
656 1677 842 1723 elamore
865 1715 875 1733 ‚
908 1676 1051 1740 puella
1075 1694 1173 1740 quze
1196 1687 1343 1721 ‹rurata
1363 1686 1424 1721 est

48 1746 103 1792 ad
119 1746 316 1793 absidam
337 1745 547 1809 perducta
572 1758 646 1794 est.
677 1748 774 1804 Qua
797 1748 903 1802 visa,
933 1746 1122 1810 populus
1146 1763 1245 1791 eum
1267 1746 1423 1805 gaudio

47 1827 89 1863 et
107 1817 210 1862 fletu
225 1854 235 1872 ,
262 1815 392 1862 nullis
418 1816 681 1879 interpositis
707 1818 977 1863 sermonibus
994 1855 1003 1872 ,
1035 1816 1106 1862 sed
1128 1816 1217 1862 solo
1240 1816 1421 1878 strepitu

45 1887 299 1950 interposito
317 1924 327 1942 ‚
363 1885 619 1949 aliquandiu
653 1887 884 1933 clamorem
909 1887 1118 1950 protraxit
1147 1904 1157 1930 ε
1192 1897 1233 1930 et
1257 1885 1423 1930 silentio

45 1956 178 2013 facto,
195 1957 701 2020 Augustinusepiseopus
712 1957 818 2004 dixit
835 1975 844 2002 :
864 1958 1086 2020 Scriptum
1099 1967 1159 2000 est
1172 1956 1214 2000 in
1228 1955 1419 2000 Psalmo:

46 2047 66 2068 «
91 2026 186 2073 Dixi
215 2045 225 2072 :
260 2025 501 2089 Proloquar
533 2026 758 2073 adversum
800 2045 865 2072 nie
897 2026 1103 2072 delictum
1147 2043 1287 2070 meum
1331 2026 1420 2070 Do-

46 2098 204 2144 »mino
229 2098 318 2143 Deo
345 2113 456 2151 meo,
485 2107 526 2141 et
553 2107 597 2143 tu
617 2096 815 2143 dimisisti
836 2098 1099 2160 inqiietatem
1125 2096 1266 2141 cordis
1289 2093 1414 2140 mei¹.

46 2187 67 2210 >2
93 2168 189 2212 Dixi
211 2186 221 2211 ε
245 2167 526 2230 proloquar»
550 2187 560 2213 :
588 2169 781 2214 nondum
808 2168 1060 2232 prolocutus
1088 2185 1179 2212 sum
1203 2188 1220 2206 e«
1250 2185 1259 2211 ε
1287 2166 1380 2211 Dixi
1408 2183 1418 2209 ι

47 2258 68 2280 »
91 2236 399 2300 l'rolo‹ptar‚et
417 2246 460 2281 tu
475 2238 688 2282 dimisisti.
710 2261 728 2276 »
744 2238 1056 2284 (hunnis-indari
1072 2239 1193 2282 istam
1209 2236 1421 2285 miseram,

46 2307 133 2355 imo
145 2324 192 2352 ex
206 2305 791 2362 misera,commeminiivam
810 2305 956 2352 vesti-is
971 2307 1253 2351 orationibus.
1281 2307 1426 2367 Dispo-

48 2378 208 2425 suimus
239 2393 385 2433 orare,
417 2387 459 2422 et
482 2377 669 2422 exauditi
702 2394 862 2423 sumus,
899 2376 964 2421 Sit
998 2375 1204 2434 gaudium
1236 2386 1428 2420 nostrum

48 2448 158 2495 actio
195 2448 445 2509 gratiarum.
497 2447 636 2494 Citius
676 2446 873 2494 exaudita
917 2457 976 2492 est
1025 2457 1159 2492 mater
1209 2445 1426 2500 Ecclesia,

103 2561 208 2597 mul.
227 2572 316 2602 xxxi,
340 2562 390 2594 ¹5.
