<?xml version="1.0" encoding="UTF-8"?>
<!DOCTYPE html PUBLIC "-//W3C//DTD XHTML 1.0 Transitional//EN"
    "http://www.w3.org/TR/xhtml1/DTD/xhtml1-transitional.dtd">
<html xmlns="http://www.w3.org/1999/xhtml" xml:lang="en" lang="en">
 <head>
  <title>
</title>
<meta http-equiv="Content-Type" content="text/html;charset=utf-8" />
  <meta name='ocr-system' content='tesseract 3.04.00' />
  <meta name='ocr-capabilities' content='ocr_page ocr_carea ocr_par ocr_line ocrx_word'/>
</head>
<body>
  <div class='ocr_page' id='page_1' title='image "./operaomniaaccura21auguuoft_0105.png"; bbox 0 0 1899 3241; ppageno 0'>
   <div class='ocr_carea' id='block_1_1' title="bbox 0 27 54 3241">
    <p class='ocr_par' dir='ltr' id='par_1_1' title="bbox 0 27 54 3241">
     <span class='ocr_line' id='line_1_1' title="bbox 0 27 15 332; baseline 0 2909"><span class='ocrx_word' id='word_1_1' title='bbox 0 27 15 332; x_wconf 95' lang='lat' dir='ltr'><strong> </strong></span> 
     </span>
     <span class='ocr_line' id='line_1_2' title="bbox 0 332 54 3241; baseline 0 -1473"><span class='ocrx_word' id='word_1_2' title='bbox 0 332 54 3241; x_wconf 95' lang='lat' dir='ltr'><strong>      </strong></span> 
     </span>
    </p>
   </div>
   <div class='ocr_carea' id='block_1_2' title="bbox 138 280 1437 349">
    <p class='ocr_par' dir='ltr' id='par_1_2' title="bbox 138 280 1437 349">
     <span class='ocr_line' id='line_1_3' title="bbox 138 280 1437 349; baseline 0.002 -21"><span class='ocrx_word' id='word_1_3' title='bbox 138 282 299 343; x_wconf 55' lang='lat' dir='ltr'><strong>{SERMo</strong></span> <span class='ocrx_word' id='word_1_4' title='bbox 335 298 500 338; x_wconf 85' lang='lat' dir='ltr'>cccvn,</span> <span class='ocrx_word' id='word_1_5' title='bbox 538 298 583 326; x_wconf 77' lang='lat' dir='ltr'><strong>m</strong></span> <span class='ocrx_word' id='word_1_6' title='bbox 619 297 858 328; x_wconf 77' lang='lat' dir='ltr'>DECOLLAT.</span> <span class='ocrx_word' id='word_1_7' title='bbox 902 280 1177 329; x_wconf 54' lang='lat' dir='ltr'><strong>13.²”J0ANN1s</strong></span> <span class='ocrx_word' id='word_1_8' title='bbox 1214 299 1341 330; x_wconf 82' lang='lat' dir='ltr'>BAPT.</span> <span class='ocrx_word' id='word_1_9' title='bbox 1383 301 1437 349; x_wconf 69' lang='lat'><strong>91</strong></span> 
     </span>
    </p>
   </div>
   <div class='ocr_carea' id='block_1_3' title="bbox 8 361 1444 2606">
    <p class='ocr_par' dir='ltr' id='par_1_3' title="bbox 8 361 1444 1203">
     <span class='ocr_line' id='line_1_4' title="bbox 75 361 1444 426; baseline 0.001 -16"><span class='ocrx_word' id='word_1_10' title='bbox 75 385 96 406; x_wconf 74' lang='lat'><strong>&gt;2</strong></span> <span class='ocrx_word' id='word_1_11' title='bbox 111 364 274 411; x_wconf 89' lang='lat' dir='ltr'><strong>habere</strong></span> <span class='ocrx_word' id='word_1_12' title='bbox 295 379 468 409; x_wconf 86' lang='lat' dir='ltr'><strong>uxorem</strong></span> <span class='ocrx_word' id='word_1_13' title='bbox 490 361 636 408; x_wconf 88' lang='lat' dir='ltr'><strong>fratris</strong></span> <span class='ocrx_word' id='word_1_14' title='bbox 660 361 767 410; x_wconf 69' lang='lat' dir='ltr'><strong>tuil.</strong></span> <span class='ocrx_word' id='word_1_15' title='bbox 794 385 814 405; x_wconf 91' lang='lat'>»</span> <span class='ocrx_word' id='word_1_16' title='bbox 837 363 1052 409; x_wconf 85' lang='lat' dir='ltr'><strong>Vincebat</strong></span> <span class='ocrx_word' id='word_1_17' title='bbox 1072 364 1187 410; x_wconf 88' lang='lat' dir='ltr'><strong>enim</strong></span> <span class='ocrx_word' id='word_1_18' title='bbox 1221 382 1363 426; x_wconf 85' lang='lat' dir='ltr'><strong>regem</strong></span> <span class='ocrx_word' id='word_1_19' title='bbox 1383 365 1444 412; x_wconf 89' lang='lat' dir='ltr'><strong>li-</strong></span> 
     </span>
     <span class='ocr_line' id='line_1_5' title="bbox 8 432 1434 497; baseline 0.002 -17"><span class='ocrx_word' id='word_1_20' title='bbox 8 442 12 465; x_wconf 68' lang='lat'><em>*</em></span> <span class='ocrx_word' id='word_1_21' title='bbox 73 435 211 483; x_wconf 81' lang='lat' dir='ltr'><strong>bido:</strong></span> <span class='ocrx_word' id='word_1_22' title='bbox 238 434 412 480; x_wconf 84' lang='lat' dir='ltr'><strong>tenebat</strong></span> <span class='ocrx_word' id='word_1_23' title='bbox 443 432 561 497; x_wconf 84' lang='lat' dir='ltr'><strong>apud</strong></span> <span class='ocrx_word' id='word_1_24' title='bbox 594 450 636 478; x_wconf 84' lang='lat' dir='ltr'><strong>se</strong></span> <span class='ocrx_word' id='word_1_25' title='bbox 671 433 945 497; x_wconf 79' lang='lat' dir='ltr'>prohibitam</span> <span class='ocrx_word' id='word_1_26' title='bbox 971 451 1144 480; x_wconf 85' lang='lat' dir='ltr'><strong>uxorem</strong></span> <span class='ocrx_word' id='word_1_27' title='bbox 1181 435 1323 481; x_wconf 82' lang='lat' dir='ltr'><strong>fratris</strong></span> <span class='ocrx_word' id='word_1_28' title='bbox 1355 436 1434 484; x_wconf 77' lang='lat' dir='ltr'><strong>sui.</strong></span> 
     </span>
     <span class='ocr_line' id='line_1_6' title="bbox 74 503 1444 560; baseline 0.001 -9"><span class='ocrx_word' id='word_1_29' title='bbox 74 505 159 551; x_wconf 81' lang='lat' dir='ltr'><strong>Sed</strong></span> <span class='ocrx_word' id='word_1_30' title='bbox 176 522 273 552; x_wconf 89' lang='lat' dir='ltr'><strong>eum</strong></span> <span class='ocrx_word' id='word_1_31' title='bbox 290 516 434 550; x_wconf 85' lang='lat' dir='ltr'><strong>tamen</strong></span> <span class='ocrx_word' id='word_1_32' title='bbox 457 505 518 550; x_wconf 84' lang='lat' dir='ltr'><strong>sie</strong></span> <span class='ocrx_word' id='word_1_33' title='bbox 545 503 734 560; x_wconf 77' lang='lat' dir='ltr'>libebat,</span> <span class='ocrx_word' id='word_1_34' title='bbox 773 515 821 550; x_wconf 92' lang='lat' dir='ltr'><strong>ut</strong></span> <span class='ocrx_word' id='word_1_35' title='bbox 845 522 933 550; x_wconf 90' lang='lat' dir='ltr'><strong>non</strong></span> <span class='ocrx_word' id='word_1_36' title='bbox 962 504 1143 550; x_wconf 83' lang='lat' dir='ltr'><strong>saeviret.</strong></span> <span class='ocrx_word' id='word_1_37' title='bbox 1187 505 1444 552; x_wconf 85' lang='lat' dir='ltr'><strong>Honorabat</strong></span> 
     </span>
     <span class='ocr_line' id='line_1_7' title="bbox 72 575 1442 640; baseline 0.001 -19"><span class='ocrx_word' id='word_1_38' title='bbox 72 594 193 633; x_wconf 90' lang='lat' dir='ltr'><strong>eum,</strong></span> <span class='ocrx_word' id='word_1_39' title='bbox 227 595 252 622; x_wconf 83' lang='lat' dir='ltr'>a</span> <span class='ocrx_word' id='word_1_40' title='bbox 286 594 373 640; x_wconf 92' lang='lat' dir='ltr'><strong>quo</strong></span> <span class='ocrx_word' id='word_1_41' title='bbox 406 592 554 623; x_wconf 82' lang='lat' dir='ltr'><strong>verum</strong></span> <span class='ocrx_word' id='word_1_42' title='bbox 593 575 815 623; x_wconf 84' lang='lat' dir='ltr'><strong>audiebat.</strong></span> <span class='ocrx_word' id='word_1_43' title='bbox 864 575 949 621; x_wconf 87' lang='lat' dir='ltr'><strong>Sed</strong></span> <span class='ocrx_word' id='word_1_44' title='bbox 987 576 1142 621; x_wconf 88' lang='lat' dir='ltr'><strong>mulier</strong></span> <span class='ocrx_word' id='word_1_45' title='bbox 1175 576 1442 623; x_wconf 87' lang='lat' dir='ltr'><strong>detestabilis</strong></span> 
     </span>
     <span class='ocr_line' id='line_1_8' title="bbox 72 646 1442 710; baseline 0 -18"><span class='ocrx_word' id='word_1_46' title='bbox 72 647 222 694; x_wconf 86' lang='lat' dir='ltr'><strong>odium</strong></span> <span class='ocrx_word' id='word_1_47' title='bbox 249 646 525 710; x_wconf 80' lang='lat' dir='ltr'><strong>concipiebat</strong></span> <span class='ocrx_word' id='word_1_48' title='bbox 541 684 553 702; x_wconf 86' lang='lat'><strong><em>‚</em></strong></span> <span class='ocrx_word' id='word_1_49' title='bbox 583 646 700 709; x_wconf 89' lang='lat' dir='ltr'><strong>quod</strong></span> <span class='ocrx_word' id='word_1_50' title='bbox 725 646 958 709; x_wconf 84' lang='lat' dir='ltr'><strong>aliquando</strong></span> <span class='ocrx_word' id='word_1_51' title='bbox 977 646 1079 692; x_wconf 81' lang='lat' dir='ltr'><strong>dato</strong></span> <span class='ocrx_word' id='word_1_52' title='bbox 1098 657 1291 710; x_wconf 87' lang='lat' dir='ltr'><strong>tempore</strong></span> <span class='ocrx_word' id='word_1_53' title='bbox 1311 664 1442 710; x_wconf 84' lang='lat' dir='ltr'><strong>pare-</strong></span> 
     </span>
     <span class='ocr_line' id='line_1_9' title="bbox 71 716 1443 780; baseline -0.001 -17"><span class='ocrx_word' id='word_1_54' title='bbox 71 728 146 765; x_wconf 88' lang='lat' dir='ltr'><strong>ret.</strong></span> <span class='ocrx_word' id='word_1_55' title='bbox 175 717 364 774; x_wconf 84' lang='lat' dir='ltr'>Quando</span> <span class='ocrx_word' id='word_1_56' title='bbox 387 717 687 780; x_wconf 80' lang='lat' dir='ltr'><strong>parturiebat,</strong></span> <span class='ocrx_word' id='word_1_57' title='bbox 725 716 895 780; x_wconf 80' lang='lat' dir='ltr'><strong>peperit</strong></span> <span class='ocrx_word' id='word_1_58' title='bbox 926 716 1088 769; x_wconf 78' lang='lat' dir='ltr'><strong>filiam,</strong></span> <span class='ocrx_word' id='word_1_59' title='bbox 1115 716 1248 762; x_wconf 85' lang='lat' dir='ltr'><strong>filiam</strong></span> <span class='ocrx_word' id='word_1_60' title='bbox 1277 716 1443 762; x_wconf 87' lang='lat' dir='ltr'><strong>saltan-</strong></span> 
     </span>
     <span class='ocr_line' id='line_1_10' title="bbox 70 786 1439 850; baseline -0.001 -16"><span class='ocrx_word' id='word_1_61' title='bbox 70 800 172 836; x_wconf 85' lang='lat' dir='ltr'><strong>tem.</strong></span> <span class='ocrx_word' id='word_1_62' title='bbox 201 790 258 834; x_wconf 83' lang='lat' dir='ltr'><strong>Et</strong></span> <span class='ocrx_word' id='word_1_63' title='bbox 283 805 352 834; x_wconf 83' lang='lat' dir='ltr'><strong>rex</strong></span> <span class='ocrx_word' id='word_1_64' title='bbox 379 788 450 834; x_wconf 92' lang='lat' dir='ltr'><strong>ille</strong></span> <span class='ocrx_word' id='word_1_65' title='bbox 481 788 557 850; x_wconf 82' lang='lat' dir='ltr'><strong>qui</strong></span> <span class='ocrx_word' id='word_1_66' title='bbox 586 799 784 833; x_wconf 83' lang='lat' dir='ltr'><strong>sanctum</strong></span> <span class='ocrx_word' id='word_1_67' title='bbox 811 787 954 833; x_wconf 85' lang='lat' dir='ltr'><strong>virum</strong></span> <span class='ocrx_word' id='word_1_68' title='bbox 982 786 1177 833; x_wconf 84' lang='lat' dir='ltr'><strong>habebat</strong></span> <span class='ocrx_word' id='word_1_69' title='bbox 1203 788 1439 839; x_wconf 77' lang='lat' dir='ltr'><strong>Joanuem,</strong></span> 
     </span>
     <span class='ocr_line' id='line_1_11' title="bbox 70 852 1442 923; baseline -0.001 -19"><span class='ocrx_word' id='word_1_70' title='bbox 70 860 147 923; x_wconf 85' lang='lat' dir='ltr'><strong>qui</strong></span> <span class='ocrx_word' id='word_1_71' title='bbox 165 876 265 904; x_wconf 88' lang='lat' dir='ltr'><strong>eum</strong></span> <span class='ocrx_word' id='word_1_72' title='bbox 289 870 469 922; x_wconf 83' lang='lat' dir='ltr'><strong>propter</strong></span> <span class='ocrx_word' id='word_1_73' title='bbox 494 858 730 904; x_wconf 85' lang='lat' dir='ltr'><strong>Dominum</strong></span> <span class='ocrx_word' id='word_1_74' title='bbox 750 852 956 913; x_wconf 70' lang='lat' dir='ltr'><strong>timebat,</strong></span> <span class='ocrx_word' id='word_1_75' title='bbox 983 857 1061 903; x_wconf 90' lang='lat' dir='ltr'><strong>etsi</strong></span> <span class='ocrx_word' id='word_1_76' title='bbox 1089 857 1128 903; x_wconf 90' lang='lat' dir='ltr'><strong>ei</strong></span> <span class='ocrx_word' id='word_1_77' title='bbox 1156 875 1244 903; x_wconf 91' lang='lat' dir='ltr'><strong>non</strong></span> <span class='ocrx_word' id='word_1_78' title='bbox 1262 857 1442 902; x_wconf 87' lang='lat' dir='ltr'><strong>obedie-</strong></span> 
     </span>
     <span class='ocr_line' id='line_1_12' title="bbox 68 928 1441 993; baseline -0.001 -17"><span class='ocrx_word' id='word_1_79' title='bbox 68 930 175 987; x_wconf 82' lang='lat' dir='ltr'><strong>bat,</strong></span> <span class='ocrx_word' id='word_1_80' title='bbox 202 940 486 993; x_wconf 78' lang='lat' dir='ltr'>posteaquam</span> <span class='ocrx_word' id='word_1_81' title='bbox 523 930 579 974; x_wconf 83' lang='lat' dir='ltr'><strong>al)</strong></span> <span class='ocrx_word' id='word_1_82' title='bbox 611 929 686 975; x_wconf 89' lang='lat' dir='ltr'><strong>illo</strong></span> <span class='ocrx_word' id='word_1_83' title='bbox 720 929 907 993; x_wconf 84' lang='lat' dir='ltr'><strong>petitum</strong></span> <span class='ocrx_word' id='word_1_84' title='bbox 930 939 993 974; x_wconf 89' lang='lat' dir='ltr'><strong>est</strong></span> <span class='ocrx_word' id='word_1_85' title='bbox 1024 940 1158 992; x_wconf 81' lang='lat' dir='ltr'><strong>caput</strong></span> <span class='ocrx_word' id='word_1_86' title='bbox 1181 928 1361 974; x_wconf 83' lang='lat' dir='ltr'><strong>Joannis</strong></span> <span class='ocrx_word' id='word_1_87' title='bbox 1396 928 1441 974; x_wconf 91' lang='lat' dir='ltr'><strong>in</strong></span> 
     </span>
     <span class='ocr_line' id='line_1_13' title="bbox 69 998 1440 1062; baseline -0.001 -17"><span class='ocrx_word' id='word_1_88' title='bbox 69 999 188 1046; x_wconf 88' lang='lat' dir='ltr'><strong>disco</strong></span> <span class='ocrx_word' id='word_1_89' title='bbox 202 1037 212 1055; x_wconf 88' lang='lat'>‚</span> <span class='ocrx_word' id='word_1_90' title='bbox 233 999 514 1045; x_wconf 81' lang='lat' dir='ltr'><strong>contristatus</strong></span> <span class='ocrx_word' id='word_1_91' title='bbox 532 1009 607 1045; x_wconf 89' lang='lat' dir='ltr'><strong>est.</strong></span> <span class='ocrx_word' id='word_1_92' title='bbox 640 998 725 1044; x_wconf 85' lang='lat' dir='ltr'><strong>Sed</strong></span> <span class='ocrx_word' id='word_1_93' title='bbox 751 1009 933 1062; x_wconf 86' lang='lat' dir='ltr'><strong>propter</strong></span> <span class='ocrx_word' id='word_1_94' title='bbox 949 999 1216 1058; x_wconf 81' lang='lat' dir='ltr'><strong>jurationem</strong></span> <span class='ocrx_word' id='word_1_95' title='bbox 1239 1008 1282 1044; x_wconf 85' lang='lat' dir='ltr'><strong>et</strong></span> <span class='ocrx_word' id='word_1_96' title='bbox 1299 1016 1440 1062; x_wconf 87' lang='lat' dir='ltr'><strong>prop-</strong></span> 
     </span>
     <span class='ocr_line' id='line_1_14' title="bbox 68 1067 1444 1133; baseline -0.001 -18"><span class='ocrx_word' id='word_1_97' title='bbox 68 1080 132 1115; x_wconf 84' lang='lat' dir='ltr'><strong>ter</strong></span> <span class='ocrx_word' id='word_1_98' title='bbox 173 1069 585 1125; x_wconf 80' lang='lat' dir='ltr'><strong>conrecumbentes,</strong></span> <span class='ocrx_word' id='word_1_99' title='bbox 628 1069 744 1114; x_wconf 84' lang='lat' dir='ltr'>misit</span> <span class='ocrx_word' id='word_1_100' title='bbox 781 1068 1085 1133; x_wconf 78' lang='lat' dir='ltr'>spiculatorem</span> <span class='ocrx_word' id='word_1_101' title='bbox 1104 1105 1116 1125; x_wconf 85' lang='lat'><strong><em>‚</em></strong></span> <span class='ocrx_word' id='word_1_102' title='bbox 1159 1079 1202 1115; x_wconf 89' lang='lat' dir='ltr'><strong>et</strong></span> <span class='ocrx_word' id='word_1_103' title='bbox 1244 1067 1444 1131; x_wconf 88' lang='lat' dir='ltr'><strong>implevit</strong></span> 
     </span>
     <span class='ocr_line' id='line_1_15' title="bbox 69 1139 384 1203; baseline 0 -18"><span class='ocrx_word' id='word_1_104' title='bbox 69 1139 187 1203; x_wconf 88' lang='lat' dir='ltr'><strong>quod</strong></span> <span class='ocrx_word' id='word_1_105' title='bbox 206 1140 384 1200; x_wconf 82' lang='lat' dir='ltr'><strong>juravit.</strong></span> 
     </span>
    </p>

    <p class='ocr_par' dir='ltr' id='par_1_4' title="bbox 58 1208 1441 2119">
     <span class='ocr_line' id='line_1_16' title="bbox 132 1208 1440 1273; baseline 0 -19"><span class='ocrx_word' id='word_1_106' title='bbox 132 1211 190 1256; x_wconf 92' lang='lat' dir='ltr'><strong>Il.</strong></span> <span class='ocrx_word' id='word_1_107' title='bbox 235 1210 451 1256; x_wconf 84' lang='lat' dir='ltr'><strong>Admonet</strong></span> <span class='ocrx_word' id='word_1_108' title='bbox 476 1227 552 1256; x_wconf 90' lang='lat' dir='ltr'><strong>nos</strong></span> <span class='ocrx_word' id='word_1_109' title='bbox 586 1209 708 1255; x_wconf 86' lang='lat' dir='ltr'><strong>locus</strong></span> <span class='ocrx_word' id='word_1_110' title='bbox 741 1211 844 1265; x_wconf 83' lang='lat' dir='ltr'><strong>iste,</strong></span> <span class='ocrx_word' id='word_1_111' title='bbox 869 1208 1138 1265; x_wconf 84' lang='lat' dir='ltr'><strong>charissimi,</strong></span> <span class='ocrx_word' id='word_1_112' title='bbox 1180 1220 1228 1255; x_wconf 89' lang='lat' dir='ltr'><strong>ut</strong></span> <span class='ocrx_word' id='word_1_113' title='bbox 1257 1219 1440 1273; x_wconf 87' lang='lat' dir='ltr'><strong>propter</strong></span> 
     </span>
     <span class='ocr_line' id='line_1_17' title="bbox 67 1279 1440 1343; baseline -0.001 -17"><span class='ocrx_word' id='word_1_114' title='bbox 67 1280 201 1326; x_wconf 79' lang='lat' dir='ltr'><strong>vitam</strong></span> <span class='ocrx_word' id='word_1_115' title='bbox 219 1291 262 1326; x_wconf 91' lang='lat' dir='ltr'><strong>et</strong></span> <span class='ocrx_word' id='word_1_116' title='bbox 282 1298 422 1326; x_wconf 87' lang='lat' dir='ltr'><strong>mores</strong></span> <span class='ocrx_word' id='word_1_117' title='bbox 438 1291 599 1326; x_wconf 85' lang='lat' dir='ltr'><strong>vestros</strong></span> <span class='ocrx_word' id='word_1_118' title='bbox 616 1279 781 1343; x_wconf 80' lang='lat' dir='ltr'><strong>aliquid</strong></span> <span class='ocrx_word' id='word_1_119' title='bbox 801 1280 925 1326; x_wconf 87' lang='lat' dir='ltr'><strong>vobis</strong></span> <span class='ocrx_word' id='word_1_120' title='bbox 944 1280 997 1326; x_wconf 91' lang='lat' dir='ltr'><strong>de</strong></span> <span class='ocrx_word' id='word_1_121' title='bbox 1011 1283 1260 1340; x_wconf 81' lang='lat' dir='ltr'><strong>juramento</strong></span> <span class='ocrx_word' id='word_1_122' title='bbox 1284 1290 1440 1326; x_wconf 88' lang='lat' dir='ltr'><strong>tracte-</strong></span> 
     </span>
     <span class='ocr_line' id='line_1_18' title="bbox 66 1350 1441 1414; baseline 0.001 -19"><span class='ocrx_word' id='word_1_123' title='bbox 66 1367 175 1398; x_wconf 81' lang='lat' dir='ltr'><strong>mus,</strong></span> <span class='ocrx_word' id='word_1_124' title='bbox 223 1350 345 1397; x_wconf 83' lang='lat' dir='ltr'><strong>Falsa</strong></span> <span class='ocrx_word' id='word_1_125' title='bbox 377 1351 540 1410; x_wconf 76' lang='lat' dir='ltr'><strong>juratio</strong></span> <span class='ocrx_word' id='word_1_126' title='bbox 572 1367 660 1396; x_wconf 88' lang='lat' dir='ltr'><strong>non</strong></span> <span class='ocrx_word' id='word_1_127' title='bbox 691 1361 754 1395; x_wconf 90' lang='lat' dir='ltr'><strong>est</strong></span> <span class='ocrx_word' id='word_1_128' title='bbox 789 1350 881 1396; x_wconf 90' lang='lat' dir='ltr'><strong>leve</strong></span> <span class='ocrx_word' id='word_1_129' title='bbox 918 1361 1189 1414; x_wconf 82' lang='lat' dir='ltr'><strong>peecatum:</strong></span> <span class='ocrx_word' id='word_1_130' title='bbox 1230 1351 1316 1396; x_wconf 91' lang='lat' dir='ltr'><strong>imo</strong></span> <span class='ocrx_word' id='word_1_131' title='bbox 1353 1361 1441 1396; x_wconf 83' lang='lat' dir='ltr'><strong>tam</strong></span> 
     </span>
     <span class='ocr_line' id='line_1_19' title="bbox 66 1421 1441 1486; baseline -0.001 -18"><span class='ocrx_word' id='word_1_132' title='bbox 66 1439 274 1482; x_wconf 83' lang='lat' dir='ltr'><strong>magnum</strong></span> <span class='ocrx_word' id='word_1_133' title='bbox 302 1433 533 1486; x_wconf 84' lang='lat' dir='ltr'><strong>peccatum</strong></span> <span class='ocrx_word' id='word_1_134' title='bbox 553 1433 639 1477; x_wconf 86' lang='lat' dir='ltr'><strong>est,</strong></span> <span class='ocrx_word' id='word_1_135' title='bbox 666 1421 823 1468; x_wconf 77' lang='lat' dir='ltr'><strong>fulsum</strong></span> <span class='ocrx_word' id='word_1_136' title='bbox 847 1426 994 1482; x_wconf 82' lang='lat' dir='ltr'><strong>jurare</strong></span> <span class='ocrx_word' id='word_1_137' title='bbox 1014 1459 1025 1478; x_wconf 84' lang='lat'>‚</span> <span class='ocrx_word' id='word_1_138' title='bbox 1053 1434 1101 1467; x_wconf 83' lang='lat' dir='ltr'><strong>ut</strong></span> <span class='ocrx_word' id='word_1_139' title='bbox 1128 1432 1310 1486; x_wconf 84' lang='lat' dir='ltr'><strong>propter</strong></span> <span class='ocrx_word' id='word_1_140' title='bbox 1342 1437 1441 1468; x_wconf 87' lang='lat' dir='ltr'><strong>rea—</strong></span> 
     </span>
     <span class='ocr_line' id='line_1_20' title="bbox 66 1491 1440 1555; baseline -0.001 -19"><span class='ocrx_word' id='word_1_141' title='bbox 66 1501 159 1536; x_wconf 88' lang='lat' dir='ltr'><strong>tum</strong></span> <span class='ocrx_word' id='word_1_142' title='bbox 182 1491 302 1538; x_wconf 84' lang='lat' dir='ltr'><strong>falsae</strong></span> <span class='ocrx_word' id='word_1_143' title='bbox 321 1492 552 1552; x_wconf 83' lang='lat' dir='ltr'><strong>jurationis</strong></span> <span class='ocrx_word' id='word_1_144' title='bbox 579 1491 792 1537; x_wconf 79' lang='lat' dir='ltr'>Dominus</span> <span class='ocrx_word' id='word_1_145' title='bbox 814 1492 1094 1555; x_wconf 83' lang='lat' dir='ltr'><strong>prohibuerit</strong></span> <span class='ocrx_word' id='word_1_146' title='bbox 1122 1508 1295 1538; x_wconf 88' lang='lat' dir='ltr'><strong>omnem</strong></span> <span class='ocrx_word' id='word_1_147' title='bbox 1312 1495 1440 1551; x_wconf 69' lang='lat' dir='ltr'><strong>J&#39;ura—</strong></span> 
     </span>
     <span class='ocr_line' id='line_1_21' title="bbox 66 1560 1440 1625; baseline 0 -19"><span class='ocrx_word' id='word_1_148' title='bbox 66 1561 240 1609; x_wconf 84' lang='lat' dir='ltr'><strong>tionem.</strong></span> <span class='ocrx_word' id='word_1_149' title='bbox 270 1563 342 1608; x_wconf 85' lang='lat' dir='ltr'><strong>Ait</strong></span> <span class='ocrx_word' id='word_1_150' title='bbox 360 1562 475 1607; x_wconf 87' lang='lat' dir='ltr'><strong>enim</strong></span> <span class='ocrx_word' id='word_1_151' title='bbox 496 1579 506 1606; x_wconf 91' lang='lat'><strong>:</strong></span> <span class='ocrx_word' id='word_1_152' title='bbox 528 1583 547 1601; x_wconf 89' lang='lat'>«</span> <span class='ocrx_word' id='word_1_153' title='bbox 576 1562 751 1607; x_wconf 80' lang='lat' dir='ltr'><strong>Dictum</strong></span> <span class='ocrx_word' id='word_1_154' title='bbox 767 1573 829 1607; x_wconf 85' lang='lat' dir='ltr'><strong>est</strong></span> <span class='ocrx_word' id='word_1_155' title='bbox 849 1580 859 1607; x_wconf 74' lang='grc' dir='ltr'><strong><em>ι</em></strong></span> <span class='ocrx_word' id='word_1_156' title='bbox 889 1564 986 1608; x_wconf 74' lang='lat' dir='ltr'><strong>Nou</strong></span> <span class='ocrx_word' id='word_1_157' title='bbox 1005 1562 1265 1625; x_wconf 80' lang='lat' dir='ltr'><strong>perjurabis,</strong></span> <span class='ocrx_word' id='word_1_158' title='bbox 1287 1560 1440 1606; x_wconf 82' lang='lat' dir='ltr'><strong>reddes</strong></span> 
     </span>
     <span class='ocr_line' id='line_1_22' title="bbox 66 1632 1439 1692; baseline -0.004 -13"><span class='ocrx_word' id='word_1_159' title='bbox 66 1653 87 1674; x_wconf 84' lang='lat'><strong>›&gt;</strong></span> <span class='ocrx_word' id='word_1_160' title='bbox 105 1643 250 1679; x_wconf 87' lang='lat' dir='ltr'><strong>autem</strong></span> <span class='ocrx_word' id='word_1_161' title='bbox 271 1633 458 1678; x_wconf 84' lang='lat' dir='ltr'><strong>Domino</strong></span> <span class='ocrx_word' id='word_1_162' title='bbox 476 1632 786 1691; x_wconf 75' lang='lat' dir='ltr'><strong>jusjurandum</strong></span> <span class='ocrx_word' id='word_1_163' title='bbox 807 1644 929 1678; x_wconf 88' lang='lat' dir='ltr'><strong>tuum</strong></span> <span class='ocrx_word' id='word_1_164' title='bbox 954 1651 963 1677; x_wconf 90' lang='lat'>:</span> <span class='ocrx_word' id='word_1_165' title='bbox 983 1650 1060 1692; x_wconf 82' lang='lat' dir='ltr'><strong>ego</strong></span> <span class='ocrx_word' id='word_1_166' title='bbox 1085 1643 1227 1678; x_wconf 84' lang='lat' dir='ltr'><strong>autem</strong></span> <span class='ocrx_word' id='word_1_167' title='bbox 1244 1632 1343 1677; x_wconf 90' lang='lat' dir='ltr'><strong>dico</strong></span> <span class='ocrx_word' id='word_1_168' title='bbox 1365 1648 1439 1677; x_wconf 81' lang='lat' dir='ltr'><strong>vo-.</strong></span> 
     </span>
     <span class='ocr_line' id='line_1_23' title="bbox 65 1702 1440 1767; baseline -0.001 -19"><span class='ocrx_word' id='word_1_169' title='bbox 65 1723 86 1748; x_wconf 88' lang='lat'>»</span> <span class='ocrx_word' id='word_1_170' title='bbox 103 1703 195 1760; x_wconf 82' lang='lat' dir='ltr'><strong>bis,</strong></span> <span class='ocrx_word' id='word_1_171' title='bbox 224 1721 313 1749; x_wconf 83' lang='lat' dir='ltr'><strong>non</strong></span> <span class='ocrx_word' id='word_1_172' title='bbox 327 1707 474 1763; x_wconf 84' lang='lat' dir='ltr'><strong>jurare</strong></span> <span class='ocrx_word' id='word_1_173' title='bbox 498 1703 701 1759; x_wconf 87' lang='lat' dir='ltr'><strong>omnino,</strong></span> <span class='ocrx_word' id='word_1_174' title='bbox 733 1720 871 1767; x_wconf 83' lang='lat' dir='ltr'><strong>neque</strong></span> <span class='ocrx_word' id='word_1_175' title='bbox 892 1721 970 1767; x_wconf 77' lang='lat' dir='ltr'><strong>per</strong></span> <span class='ocrx_word' id='word_1_176' title='bbox 989 1703 1176 1757; x_wconf 75' lang='lat' dir='ltr'><strong>eoelum,</strong></span> <span class='ocrx_word' id='word_1_177' title='bbox 1198 1703 1299 1766; x_wconf 86' lang='lat' dir='ltr'><strong>quia</strong></span> <span class='ocrx_word' id='word_1_178' title='bbox 1320 1702 1440 1748; x_wconf 89' lang='lat' dir='ltr'><strong>thro-</strong></span> 
     </span>
     <span class='ocr_line' id='line_1_24' title="bbox 64 1772 1440 1838; baseline -0.001 -18"><span class='ocrx_word' id='word_1_179' title='bbox 64 1794 86 1820; x_wconf 76' lang='lat'>»</span> <span class='ocrx_word' id='word_1_180' title='bbox 106 1791 186 1821; x_wconf 90' lang='lat' dir='ltr'><strong>nus</strong></span> <span class='ocrx_word' id='word_1_181' title='bbox 210 1774 289 1819; x_wconf 86' lang='lat' dir='ltr'><strong>Dei</strong></span> <span class='ocrx_word' id='word_1_182' title='bbox 311 1784 400 1827; x_wconf 82' lang='lat' dir='ltr'><strong>est3</strong></span> <span class='ocrx_word' id='word_1_183' title='bbox 423 1790 560 1837; x_wconf 86' lang='lat' dir='ltr'><strong>neque</strong></span> <span class='ocrx_word' id='word_1_184' title='bbox 584 1791 659 1836; x_wconf 84' lang='lat' dir='ltr'><strong>per</strong></span> <span class='ocrx_word' id='word_1_185' title='bbox 687 1784 840 1820; x_wconf 83' lang='lat' dir='ltr'><strong>terram</strong></span> <span class='ocrx_word' id='word_1_186' title='bbox 860 1812 871 1829; x_wconf 87' lang='lat'>‚</span> <span class='ocrx_word' id='word_1_187' title='bbox 894 1775 997 1838; x_wconf 86' lang='lat' dir='ltr'><strong>quia</strong></span> <span class='ocrx_word' id='word_1_188' title='bbox 1021 1773 1257 1820; x_wconf 73' lang='lat' dir='ltr'><strong>scabellum</strong></span> <span class='ocrx_word' id='word_1_189' title='bbox 1277 1772 1440 1836; x_wconf 86' lang='lat' dir='ltr'><strong>pedum</strong></span> 
     </span>
     <span class='ocr_line' id='line_1_25' title="bbox 65 1844 1441 1909; baseline 0 -21"><span class='ocrx_word' id='word_1_190' title='bbox 65 1865 86 1888; x_wconf 88' lang='lat'>»</span> <span class='ocrx_word' id='word_1_191' title='bbox 103 1849 194 1906; x_wconf 80' lang='lat' dir='ltr'><strong>ejus</strong></span> <span class='ocrx_word' id='word_1_192' title='bbox 216 1855 302 1899; x_wconf 87' lang='lat' dir='ltr'><strong>est;</strong></span> <span class='ocrx_word' id='word_1_193' title='bbox 329 1862 469 1909; x_wconf 86' lang='lat' dir='ltr'><strong>neque</strong></span> <span class='ocrx_word' id='word_1_194' title='bbox 489 1844 605 1890; x_wconf 86' lang='lat' dir='ltr'><strong>aliud</strong></span> <span class='ocrx_word' id='word_1_195' title='bbox 628 1845 1250 1908; x_wconf 76' lang='lat' dir='ltr'><strong>quodcumquejurameutum</strong></span> <span class='ocrx_word' id='word_1_196' title='bbox 1270 1864 1280 1896; x_wconf 80' lang='lat'>3</span> <span class='ocrx_word' id='word_1_197' title='bbox 1302 1859 1441 1906; x_wconf 87' lang='lat' dir='ltr'><strong>neque</strong></span> 
     </span>
     <span class='ocr_line' id='line_1_26' title="bbox 59 1913 1441 1980; baseline 0.001 -22"><span class='ocrx_word' id='word_1_198' title='bbox 59 1936 81 1958; x_wconf 91' lang='lat'>»</span> <span class='ocrx_word' id='word_1_199' title='bbox 101 1933 179 1980; x_wconf 88' lang='lat' dir='ltr'><strong>per</strong></span> <span class='ocrx_word' id='word_1_200' title='bbox 205 1933 251 1962; x_wconf 79' lang='lat' dir='ltr'><strong>ca</strong></span> <span class='ocrx_word' id='word_1_201' title='bbox 261 1926 337 1978; x_wconf 83' lang='lat' dir='ltr'><strong>put</strong></span> <span class='ocrx_word' id='word_1_202' title='bbox 360 1926 486 1962; x_wconf 86' lang='lat' dir='ltr'><strong>tuum</strong></span> <span class='ocrx_word' id='word_1_203' title='bbox 502 1918 715 1975; x_wconf 71' lang='lat' dir='ltr'><strong>juraveris</strong></span> <span class='ocrx_word' id='word_1_204' title='bbox 735 1954 745 1970; x_wconf 85' lang='lat'>‚</span> <span class='ocrx_word' id='word_1_205' title='bbox 773 1917 874 1978; x_wconf 80' lang='lat' dir='ltr'><strong>quia</strong></span> <span class='ocrx_word' id='word_1_206' title='bbox 900 1934 983 1961; x_wconf 83' lang='lat' dir='ltr'><strong>uon</strong></span> <span class='ocrx_word' id='word_1_207' title='bbox 1008 1926 1128 1979; x_wconf 85' lang='lat' dir='ltr'><strong>potes</strong></span> <span class='ocrx_word' id='word_1_208' title='bbox 1147 1915 1286 1960; x_wconf 71' lang='lat' dir='ltr'><strong>facere</strong></span> <span class='ocrx_word' id='word_1_209' title='bbox 1305 1913 1441 1977; x_wconf 82' lang='lat' dir='ltr'><strong>capil-</strong></span> 
     </span>
     <span class='ocr_line' id='line_1_27' title="bbox 58 1985 1436 2044; baseline -0.003 -12"><span class='ocrx_word' id='word_1_210' title='bbox 58 2007 80 2029; x_wconf 87' lang='lat'>»</span> <span class='ocrx_word' id='word_1_211' title='bbox 97 1986 190 2032; x_wconf 88' lang='lat' dir='ltr'><strong>lum</strong></span> <span class='ocrx_word' id='word_1_212' title='bbox 217 1986 365 2032; x_wconf 79' lang='lat' dir='ltr'><strong>album</strong></span> <span class='ocrx_word' id='word_1_213' title='bbox 391 1997 465 2032; x_wconf 84' lang='lat' dir='ltr'><strong>aut</strong></span> <span class='ocrx_word' id='word_1_214' title='bbox 501 1987 686 2044; x_wconf 74' lang='lat' dir='ltr'><strong>nigrum.</strong></span> <span class='ocrx_word' id='word_1_215' title='bbox 722 1986 787 2031; x_wconf 77' lang='lat' dir='ltr'><strong>Sit</strong></span> <span class='ocrx_word' id='word_1_216' title='bbox 817 1997 960 2031; x_wconf 78' lang='lat' dir='ltr'><strong>autem</strong></span> <span class='ocrx_word' id='word_1_217' title='bbox 978 1987 1023 2031; x_wconf 84' lang='lat' dir='ltr'><strong>iu</strong></span> <span class='ocrx_word' id='word_1_218' title='bbox 1049 2004 1120 2032; x_wconf 90' lang='lat' dir='ltr'><strong>ore</strong></span> <span class='ocrx_word' id='word_1_219' title='bbox 1144 1996 1306 2037; x_wconf 85' lang='lat' dir='ltr'><strong>vestro,</strong></span> <span class='ocrx_word' id='word_1_220' title='bbox 1336 1985 1436 2039; x_wconf 88' lang='lat' dir='ltr'><strong>Est,</strong></span> 
     </span>
     <span class='ocr_line' id='line_1_28' title="bbox 59 2055 1356 2119; baseline 0 -17"><span class='ocrx_word' id='word_1_221' title='bbox 59 2077 81 2099; x_wconf 75' lang='lat'><strong>&gt;2</strong></span> <span class='ocrx_word' id='word_1_222' title='bbox 99 2067 161 2103; x_wconf 83' lang='lat' dir='ltr'><strong>est</strong></span> <span class='ocrx_word' id='word_1_223' title='bbox 184 2073 194 2102; x_wconf 68' lang='grc' dir='ltr'><strong>ε</strong></span> <span class='ocrx_word' id='word_1_224' title='bbox 228 2057 350 2109; x_wconf 82' lang='lat' dir='ltr'><strong>Nou,</strong></span> <span class='ocrx_word' id='word_1_225' title='bbox 379 2072 478 2103; x_wconf 83' lang='lat' dir='ltr'><strong>non.</strong></span> <span class='ocrx_word' id='word_1_226' title='bbox 511 2057 556 2100; x_wconf 72' lang='lat' dir='ltr'><strong>Si</strong></span> <span class='ocrx_word' id='word_1_227' title='bbox 582 2056 687 2118; x_wconf 79' lang='lat' dir='ltr'><strong>quid</strong></span> <span class='ocrx_word' id='word_1_228' title='bbox 713 2056 901 2119; x_wconf 73' lang='lat' dir='ltr'><strong>ainplius</strong></span> <span class='ocrx_word' id='word_1_229' title='bbox 920 2066 997 2109; x_wconf 74' lang='lat' dir='ltr'><strong>est,</strong></span> <span class='ocrx_word' id='word_1_230' title='bbox 1027 2074 1049 2102; x_wconf 80' lang='lat' dir='ltr'>a</span> <span class='ocrx_word' id='word_1_231' title='bbox 1077 2055 1189 2101; x_wconf 77' lang='lat' dir='ltr'><strong>malo</strong></span> <span class='ocrx_word' id='word_1_232' title='bbox 1207 2055 1309 2102; x_wconf 76' lang='lat' dir='ltr'><strong>est&#39;2.</strong></span> <span class='ocrx_word' id='word_1_233' title='bbox 1337 2075 1356 2095; x_wconf 74' lang='grc' dir='ltr'><strong>υ</strong></span> 
     </span>
    </p>

    <p class='ocr_par' dir='ltr' id='par_1_5' title="bbox 48 2126 1437 2606">
     <span class='ocr_line' id='line_1_29' title="bbox 123 2126 1437 2189; baseline -0.002 -17"><span class='ocrx_word' id='word_1_234' title='bbox 123 2127 210 2173; x_wconf 91' lang='lat' dir='ltr'><strong>lll.</strong></span> <span class='ocrx_word' id='word_1_235' title='bbox 242 2127 490 2173; x_wconf 80' lang='lat' dir='ltr'><strong>Invenimus</strong></span> <span class='ocrx_word' id='word_1_236' title='bbox 516 2137 659 2172; x_wconf 79' lang='lat' dir='ltr'><strong>autem</strong></span> <span class='ocrx_word' id='word_1_237' title='bbox 685 2127 728 2172; x_wconf 83' lang='lat' dir='ltr'><strong>in</strong></span> <span class='ocrx_word' id='word_1_238' title='bbox 750 2127 989 2189; x_wconf 64' lang='lat' dir='ltr'><strong>scripturis</strong></span> <span class='ocrx_word' id='word_1_239' title='bbox 1014 2127 1171 2172; x_wconf 74' lang='lat' dir='ltr'><strong>szmetis</strong></span> <span class='ocrx_word' id='word_1_240' title='bbox 1197 2126 1437 2171; x_wconf 86' lang='lat' dir='ltr'><strong>Dominum</strong></span> 
     </span>
     <span class='ocr_line' id='line_1_30' title="bbox 48 2194 1435 2261; baseline -0.004 -16"><span class='ocrx_word' id='word_1_241' title='bbox 48 2201 234 2259; x_wconf 83' lang='lat' dir='ltr'><strong>jurasse,</strong></span> <span class='ocrx_word' id='word_1_242' title='bbox 272 2197 450 2261; x_wconf 73' lang='lat' dir='ltr'><strong>quando</strong></span> <span class='ocrx_word' id='word_1_243' title='bbox 488 2198 683 2260; x_wconf 74' lang='lat' dir='ltr'><strong>eiusque</strong></span> <span class='ocrx_word' id='word_1_244' title='bbox 722 2198 774 2244; x_wconf 79' lang='lat' dir='ltr'><strong>ad</strong></span> <span class='ocrx_word' id='word_1_245' title='bbox 800 2197 1141 2244; x_wconf 74' lang='lat' dir='ltr'><strong>immolationem</strong></span> <span class='ocrx_word' id='word_1_246' title='bbox 1166 2197 1316 2242; x_wconf 83' lang='lat' dir='ltr'><strong>dilecti</strong></span> <span class='ocrx_word' id='word_1_247' title='bbox 1356 2194 1435 2241; x_wconf 88' lang='lat' dir='ltr'><strong>lilii</strong></span> 
     </span>
     <span class='ocr_line' id='line_1_31' title="bbox 53 2266 1437 2327; baseline -0.003 -12"><span class='ocrx_word' id='word_1_248' title='bbox 53 2268 251 2315; x_wconf 86' lang='lat' dir='ltr'><strong>obedivit</strong></span> <span class='ocrx_word' id='word_1_249' title='bbox 276 2268 513 2315; x_wconf 73' lang='lat' dir='ltr'><strong>Abraham.</strong></span> <span class='ocrx_word' id='word_1_250' title='bbox 559 2271 747 2314; x_wconf 72' lang='lat' dir='ltr'><strong>Locutus</strong></span> <span class='ocrx_word' id='word_1_251' title='bbox 771 2280 834 2315; x_wconf 75' lang='lat' dir='ltr'><strong>est</strong></span> <span class='ocrx_word' id='word_1_252' title='bbox 859 2270 897 2315; x_wconf 78' lang='lat' dir='ltr'><strong>ei</strong></span> <span class='ocrx_word' id='word_1_253' title='bbox 928 2268 1110 2327; x_wconf 73' lang='lat' dir='ltr'><strong>Angelus</strong></span> <span class='ocrx_word' id='word_1_254' title='bbox 1140 2268 1193 2314; x_wconf 88' lang='lat' dir='ltr'><strong>de</strong></span> <span class='ocrx_word' id='word_1_255' title='bbox 1220 2267 1335 2313; x_wconf 78' lang='lat' dir='ltr'><strong>coelo</strong></span> <span class='ocrx_word' id='word_1_256' title='bbox 1361 2266 1437 2312; x_wconf 87' lang='lat' dir='ltr'><strong>di-</strong></span> 
     </span>
     <span class='ocr_line' id='line_1_32' title="bbox 63 2338 1434 2403; baseline -0.003 -17"><span class='ocrx_word' id='word_1_257' title='bbox 63 2355 163 2388; x_wconf 82' lang='lat' dir='ltr'><strong>cens</strong></span> <span class='ocrx_word' id='word_1_258' title='bbox 193 2357 204 2385; x_wconf 73' lang='grc' dir='ltr'><strong><em>ε</em></strong></span> <span class='ocrx_word' id='word_1_259' title='bbox 251 2360 271 2380; x_wconf 92' lang='lat'>«</span> <span class='ocrx_word' id='word_1_260' title='bbox 297 2341 378 2385; x_wconf 82' lang='lat' dir='ltr'><strong>l&#39;er</strong></span> <span class='ocrx_word' id='word_1_261' title='bbox 414 2341 716 2403; x_wconf 75' lang='lat' dir='ltr'><strong>memetipsum</strong></span> <span class='ocrx_word' id='word_1_262' title='bbox 754 2344 878 2400; x_wconf 81' lang='lat' dir='ltr'><strong>juro,</strong></span> <span class='ocrx_word' id='word_1_263' title='bbox 906 2340 1015 2386; x_wconf 73' lang='lat' dir='ltr'><strong>dicit</strong></span> <span class='ocrx_word' id='word_1_264' title='bbox 1063 2339 1296 2390; x_wconf 82' lang='lat' dir='ltr'><strong>Dominus,</strong></span> <span class='ocrx_word' id='word_1_265' title='bbox 1331 2338 1434 2400; x_wconf 75' lang='lat' dir='ltr'><strong>quia</strong></span> 
     </span>
     <span class='ocr_line' id='line_1_33' title="bbox 59 2408 1434 2475; baseline -0.002 -18"><span class='ocrx_word' id='word_1_266' title='bbox 59 2409 319 2457; x_wconf 76' lang='lat' dir='ltr'><strong>»obaudisti</strong></span> <span class='ocrx_word' id='word_1_267' title='bbox 346 2428 497 2456; x_wconf 77' lang='lat' dir='ltr'><strong>vocem</strong></span> <span class='ocrx_word' id='word_1_268' title='bbox 523 2428 684 2462; x_wconf 72' lang='lat' dir='ltr'><strong>meam,</strong></span> <span class='ocrx_word' id='word_1_269' title='bbox 709 2422 751 2455; x_wconf 85' lang='lat' dir='ltr'><strong>et</strong></span> <span class='ocrx_word' id='word_1_270' title='bbox 777 2429 862 2456; x_wconf 80' lang='lat' dir='ltr'><strong>nou</strong></span> <span class='ocrx_word' id='word_1_271' title='bbox 894 2409 1127 2475; x_wconf 73' lang='lat' dir='ltr'><strong>pepercisti</strong></span> <span class='ocrx_word' id='word_1_272' title='bbox 1154 2409 1242 2456; x_wconf 85' lang='lat' dir='ltr'><strong>lilio</strong></span> <span class='ocrx_word' id='word_1_273' title='bbox 1267 2419 1340 2455; x_wconf 86' lang='lat' dir='ltr'><strong>tuo</strong></span> <span class='ocrx_word' id='word_1_274' title='bbox 1361 2408 1434 2454; x_wconf 87' lang='lat' dir='ltr'><strong>di·-</strong></span> 
     </span>
     <span class='ocr_line' id='line_1_34' title="bbox 58 2479 1436 2544; baseline 0.001 -21"><span class='ocrx_word' id='word_1_275' title='bbox 58 2500 80 2523; x_wconf 84' lang='lat'>»</span> <span class='ocrx_word' id='word_1_276' title='bbox 96 2479 207 2526; x_wconf 91' lang='lat' dir='ltr'><strong>lecto</strong></span> <span class='ocrx_word' id='word_1_277' title='bbox 228 2492 408 2544; x_wconf 75' lang='lat' dir='ltr'><strong>propter</strong></span> <span class='ocrx_word' id='word_1_278' title='bbox 428 2499 516 2531; x_wconf 68' lang='lat' dir='ltr'><strong>inv,</strong></span> <span class='ocrx_word' id='word_1_279' title='bbox 540 2482 798 2527; x_wconf 59' lang='lat' dir='ltr'><strong>lma-dicens</strong></span> <span class='ocrx_word' id='word_1_280' title='bbox 816 2482 1074 2528; x_wconf 60' lang='lat' dir='ltr'><strong>bum—dicam</strong></span> <span class='ocrx_word' id='word_1_281' title='bbox 1097 2491 1158 2534; x_wconf 84' lang='lat' dir='ltr'><strong>te,</strong></span> <span class='ocrx_word' id='word_1_282' title='bbox 1181 2491 1222 2525; x_wconf 82' lang='lat' dir='ltr'><strong>et</strong></span> <span class='ocrx_word' id='word_1_283' title='bbox 1243 2479 1436 2542; x_wconf 77' lang='lat' dir='ltr'><strong>implebo</strong></span> 
     </span>
     <span class='ocr_line' id='line_1_35' title="bbox 57 2549 1433 2606; baseline -0.004 -7"><span class='ocrx_word' id='word_1_284' title='bbox 57 2570 80 2599; x_wconf 64' lang='lat' dir='ltr'><strong>a·</strong></span> <span class='ocrx_word' id='word_1_285' title='bbox 97 2568 239 2601; x_wconf 68' lang='lat' dir='ltr'><strong>comen</strong></span> <span class='ocrx_word' id='word_1_286' title='bbox 268 2561 388 2598; x_wconf 88' lang='lat' dir='ltr'><strong>tuum</strong></span> <span class='ocrx_word' id='word_1_287' title='bbox 406 2588 416 2606; x_wconf 93' lang='lat'><strong>‚</strong></span> <span class='ocrx_word' id='word_1_288' title='bbox 445 2552 556 2599; x_wconf 76' lang='lat' dir='ltr'><strong>sieut</strong></span> <span class='ocrx_word' id='word_1_289' title='bbox 574 2553 715 2599; x_wconf 73' lang='lat' dir='ltr'><strong>stellas</strong></span> <span class='ocrx_word' id='word_1_290' title='bbox 737 2554 836 2599; x_wconf 80' lang='lat' dir='ltr'><strong>coeli</strong></span> <span class='ocrx_word' id='word_1_291' title='bbox 858 2590 870 2606; x_wconf 74' lang='grc'>,</span> <span class='ocrx_word' id='word_1_292' title='bbox 897 2564 938 2600; x_wconf 85' lang='lat' dir='ltr'><strong>et</strong></span> <span class='ocrx_word' id='word_1_293' title='bbox 955 2554 1068 2600; x_wconf 80' lang='lat' dir='ltr'><strong>sicut</strong></span> <span class='ocrx_word' id='word_1_294' title='bbox 1085 2567 1257 2599; x_wconf 78' lang='lat' dir='ltr'><strong>arenam</strong></span> <span class='ocrx_word' id='word_1_295' title='bbox 1284 2549 1433 2598; x_wconf 73' lang='lat' dir='ltr'><strong>maris.</strong></span> 
     </span>
    </p>
   </div>
   <div class='ocr_carea' id='block_1_4' title="bbox 11 691 24 1322">
    <p class='ocr_par' dir='ltr' id='par_1_6' title="bbox 11 691 24 1322">
     <span class='ocr_line' id='line_1_36' title="bbox 11 691 19 899; baseline 0 0"><span class='ocrx_word' id='word_1_296' title='bbox 11 691 19 899; x_wconf 75' lang='grc' dir='ltr'><strong>ἱ</strong></span> 
     </span>
     <span class='ocr_line' id='line_1_37' title="bbox 14 945 21 1091; baseline 0 -110"><span class='ocrx_word' id='word_1_297' title='bbox 14 945 21 1091; x_wconf 65' lang='lat'><em>3</em></span> 
     </span>
     <span class='ocr_line' id='line_1_38' title="bbox 17 1142 24 1322; baseline 0 0"><span class='ocrx_word' id='word_1_298' title='bbox 17 1142 24 1322; x_wconf 79' lang='grc' dir='ltr'>ἰ</span> 
     </span>
    </p>
   </div>
   <div class='ocr_carea' id='block_1_5' title="bbox 106 2639 796 2686">
    <p class='ocr_par' dir='ltr' id='par_1_7' title="bbox 106 2639 796 2686">
     <span class='ocr_line' id='line_1_39' title="bbox 106 2639 796 2686; baseline -0.001 -13"><span class='ocrx_word' id='word_1_299' title='bbox 106 2639 235 2675; x_wconf 62' lang='grc' dir='ltr'><strong>ΙΜαι-ο,</strong></span> <span class='ocrx_word' id='word_1_300' title='bbox 261 2642 433 2686; x_wconf 71' lang='lat' dir='ltr'>v¹‚18.--</span> <span class='ocrx_word' id='word_1_301' title='bbox 457 2640 471 2661; x_wconf 72' lang='lat'><strong>&#39;²</strong></span> <span class='ocrx_word' id='word_1_302' title='bbox 488 2641 604 2674; x_wconf 63' lang='lat' dir='ltr'><strong>Manli.</strong></span> <span class='ocrx_word' id='word_1_303' title='bbox 624 2654 654 2684; x_wconf 74' lang='lat' dir='ltr'><strong>v,</strong></span> <span class='ocrx_word' id='word_1_304' title='bbox 680 2644 796 2682; x_wconf 56' lang='lat' dir='ltr'><strong>&#39;‘S-37.</strong></span> 
     </span>
    </p>
   </div>
  </div>
 </body>
</html>
