1942 3272
410 293 506 347 504
832 309 869 339 s,
911 306 1156 341 Aneusrmr
1191 305 1392 338 Episcom

404 369 635 419 ineffabilis
653 409 664 428 ‚
693 382 877 438 utraque
895 373 1119 421 mirabilis.
1149 372 1279 429 Quod
1307 372 1420 418 enim
1443 389 1519 418 cor
1539 372 1784 420 humanum

406 442 799 506 comprehendere,
821 462 972 508 quaeve
992 445 1140 505 lingua
1154 443 1294 489 valeat
1310 443 1543 507 explicare,
1563 444 1784 507 quomodo

405 525 533 561 natus
564 513 618 559 sit
654 514 856 561 Christus
891 533 1060 580 semper
1081 533 1127 560 ex
1153 515 1267 571 Deo,
1298 526 1371 560 aut
1402 515 1622 578 quomodo
1645 532 1786 578 nuper

404 603 452 631 ex
478 587 634 631 utero?
669 585 779 641 Quis
810 585 1026 646 intelligat
1044 595 1307 631 coaeternum
1328 584 1435 630 Filio
1463 585 1662 641 Patrem,
1689 585 1786 648 quis

403 657 633 720 eloquatur
660 655 870 716 virginem
895 658 1107 702 matrem?
1136 655 1261 701 illum
1291 655 1381 700 sine
1407 655 1555 711 initio,
1591 656 1679 701 sine
1701 657 1786 701 fine

405 728 650 789 gignentem
669 747 680 781 3
701 728 828 773 istam
847 729 936 774 sine
953 727 1136 774 libidine
1154 726 1489 789 concipientem,
1502 727 1589 772 sine
1606 744 1786 791 corrup-

403 799 520 845 tione
550 799 826 862 parientem?
854 800 1046 862 Utraque
1081 798 1284 844 nativitas
1312 796 1420 843 mira
1465 808 1552 852 est,
1585 799 1688 861 quia
1713 798 1786 843 di-

405 870 507 915 vina
544 880 619 916 est.
668 869 767 915 Sive
807 887 906 930 ergo
950 869 1068 915 illam
1086 907 1097 926 ,
1136 869 1224 914 sive
1264 868 1390 914 istam
1429 885 1548 913 mens
1594 869 1787 915 humana

405 939 672 1007 consideret,
706 941 940 986 rectissime
980 940 1117 985 dicit:
1148 961 1168 980 «
1189 939 1520 984 Generationem
1563 942 1654 998 ejus
1691 939 1789 1002 quis

405 1032 425 1052 >³
444 1011 664 1056 enarrabit
678 1009 727 1056 1?
752 1033 771 1052 ›>
803 1012 858 1056 Et
881 1027 959 1056 nos
978 1010 1084 1073 quid
1103 1010 1311 1055 faciemus
1327 1046 1339 1065 ‚
1365 1009 1548 1055 fratres?
1568 1009 1787 1065 Quoniam

404 1081 532 1141 digne
557 1081 702 1145 eloqui
726 1099 813 1127 non
838 1081 1029 1132 valemus
1050 1118 1062 1138 ‚
1089 1091 1230 1126 tacere
1251 1081 1492 1126 debemus?
1516 1080 1642 1125 Absit
1661 1098 1684 1125 a
1706 1097 1787 1125 no-

402 1151 471 1197 bis
487 1189 498 1208 ,
526 1152 640 1197 absit
659 1162 707 1197 ut
728 1161 869 1197 taceat
890 1151 1037 1211 lingua
1062 1151 1193 1207 servi,
1221 1151 1398 1214 quando
1424 1149 1587 1195 Natalis
1612 1161 1674 1195 est
1695 1151 1789 1195 Do-

402 1222 523 1270 mini.
551 1223 758 1268 Dicamus
778 1240 877 1283 ergo
894 1223 1014 1286 quod
1033 1239 1263 1286 possumus
1282 1259 1292 1279 ‚
1315 1221 1434 1285 quod
1457 1221 1652 1280 legimus,

470 1294 529 1341 Π.
556 1295 713 1339 Beatus
736 1293 878 1339 David
896 1294 949 1340 de
969 1293 1145 1339 Christo
1163 1293 1367 1356 loquens,
1389 1291 1496 1337 dicit
1516 1291 1561 1336 in
1582 1290 1785 1336 Psalmis:

405 1386 425 1406 «
450 1365 503 1409 In
534 1364 619 1409 sole
656 1365 802 1427 posuit
826 1363 1164 1409 tabernaculum
1193 1381 1319 1408 suum
1338 1400 1349 1417 ‚
1380 1372 1422 1407 et
1459 1362 1550 1424 ipse
1580 1372 1790 1425 tanquam

403 1456 424 1477 »
443 1451 625 1497 sponsus
642 1433 883 1497 procedens
903 1433 956 1479 de
974 1433 1168 1478 thalamo
1190 1450 1283 1487 suo,
1305 1432 1510 1477 exultavit
1524 1442 1572 1476 ut
1587 1432 1748 1491 gigas?
1769 1453 1789 1473 >³

406 1504 620 1549 Processit
636 1503 752 1548 enim
776 1504 908 1548 hodie
942 1503 995 1548 de
1024 1520 1144 1548 sacro
1165 1502 1360 1548 thalamo
1378 1539 1388 1558 5
1412 1501 1498 1547 hoc
1521 1512 1583 1547 cst
1598 1539 1608 1558 ‚
1635 1503 1791 1547 beato-

401 1591 500 1620 rum
517 1573 811 1633 virgineorum
831 1573 1047 1619 viscerum
1073 1572 1225 1618 abdito
1249 1573 1591 1636 incorruptoque
1609 1583 1784 1619 secreto.

401 1644 617 1690 Processit
642 1643 744 1689 inde
762 1643 940 1703 virginis
958 1643 1089 1698 filum,
1109 1643 1287 1702 virginis
1303 1660 1485 1706 sponsus
1508 1660 1518 1688 :
1542 1643 1656 1688 filius
1674 1643 1792 1688 vide-

400 1715 502 1761 licet
527 1714 679 1760 Mariae
696 1752 706 1770 ‚
732 1731 915 1777 sponsus
941 1713 1159 1759 Ecclesiae.
1198 1713 1415 1759 Universae
1445 1714 1561 1758 euim
1587 1713 1792 1759 Ecclesiae

402 1785 667 1849 loquebatur
692 1783 946 1848 Apostolus,
973 1783 1150 1846 quando
1169 1783 1343 1828 dicebat
1366 1801 1377 1828 ε
1405 1803 1426 1824 «
1445 1782 1607 1846 Aptavi
1623 1799 1699 1828 vos
1715 1784 1792 1829 uni

402 1876 424 1898 >³
441 1857 534 1901 viro
549 1856 760 1915 virginem
779 1865 942 1900 castam
967 1854 1169 1899 exhibere
1189 1853 1406 1900 Christo?
1428 1875 1448 1894 ›>
1469 1853 1534 1898 Ad
1569 1853 1648 1899 has
1689 1854 1791 1899 tales

401 1927 578 1990 nuptias
603 1926 795 1981 Christi,
818 1928 947 1970 Pater
966 1925 1113 1988 sponsi
1137 1925 1329 1988 primum
1349 1925 1551 1971 invitavit
1574 1924 1792 1988 populum

400 1998 425 2041 J
432 1997 674 2043 udteorum.
728 1996 812 2041 Sed
856 1996 964 2057 quid
1004 1997 1064 2041 ait
1098 1995 1412 2055 Evangelium?
1436 2017 1456 2038 «
1482 1995 1573 2051 Qui
1612 1996 1786 2042 invitati

400 2089 420 2109 »
441 2077 588 2122 erant,
616 2084 704 2111 non
721 2066 898 2111 fuerunt
915 2064 1036 2124 digni
1052 2065 1085 2111 4.
1108 2086 1128 2106 »
1153 2067 1341 2110 Invitata
1358 2075 1420 2110 est
1436 2076 1584 2128 postea
1608 2066 1787 2112 univer-

398 2155 543 2184 sarum
567 2138 776 2183 Gentium
792 2135 1029 2182 multitudo
1047 2173 1057 2191 ‚
1079 2135 1173 2199 ipsa
1189 2135 1388 2199 implevit
1407 2135 1644 2182 Ecclesiam
1663 2174 1674 2193 ‚
1692 2136 1786 2201 ipsa

397 2208 566 2271 accepit
594 2207 647 2253 de
678 2224 826 2253 mensa
856 2205 1087 2252 Dominica
1121 2223 1210 2252 non
1233 2205 1337 2251 viles
1355 2206 1527 2268 epulas.
1557 2217 1632 2251 aut
1656 2207 1785 2266 igno-

396 2278 505 2323 biles
529 2288 682 2340 potus‚
711 2277 784 2322 sed
805 2277 942 2340 ipsius
962 2276 1145 2338 pastoris
1161 2314 1170 2332 ‚
1193 2276 1328 2339 ipsius
1351 2276 1482 2321 occisi
1510 2276 1676 2322 Christi
1693 2294 1784 2323 car-

396 2364 498 2393 nem
541 2346 793 2410 praelibavit
827 2357 873 2391 et
906 2346 1174 2405 sanguinem.
1216 2346 1399 2391 Occisus
1433 2357 1496 2391 est
1527 2346 1582 2392 ad
1609 2347 1785 2411 nuptias

394 2434 492 2463 suas
534 2417 625 2480 ipse
664 2417 873 2462 innocens
912 2433 1048 2476 agnus
1072 2454 1082 2472 ‚
1121 2416 1287 2462 occisus
1307 2427 1369 2462 cst
1402 2416 1456 2462 ad
1493 2417 1693 2479 nuptias,
1742 2428 1784 2463 et

388 2504 689 2551 quoscumque
707 2487 934 2544 invitavit,
957 2487 1011 2532 de
1035 2504 1163 2533 carne
1187 2504 1263 2533 sua
1286 2487 1423 2550 pavit.
1465 2487 1648 2533 Occisus
1665 2504 1780 2551 epu-

388 2556 451 2603 las
468 2559 736 2622 praeparavit
759 2578 770 2613 3
788 2575 1013 2618 resurgens
1034 2558 1211 2622 nuptias
1233 2557 1676 2604 celebravit.Occisus
1698 2575 1781 2603 vo-

439 2647 450 2671 1
470 2647 541 2680 Isa'i.
559 2659 635 2690 mu,
659 2648 690 2681 8.
710 2646 780 2672 —2
797 2647 877 2680 Psal.
893 2658 989 2685 xvm,
1004 2648 1037 2681 6.
1052 2663 1097 2673 -
1111 2644 1125 2669 3
1141 2658 1158 2678 2
1174 2648 1248 2679 Cor.
1268 2657 1359 2684 x1‚2.
1376 2664 1418 2670 —
1437 2642 1451 2669 4
1470 2644 1588 2678 Manli.
1607 2655 1702 2685 χχιι,
1722 2646 1756 2678 8.
