1899 3241
223 323 366 354 SERMO
403 322 539 365 cccn,
579 322 627 353 m
663 320 968 353 SOLEMNITATE
1003 322 1039 354 S.
1082 321 1336 355 LAURENTII.
1407 306 1473 371 59

99 388 228 445 vitae,
257 388 439 446 accede,
460 389 494 434 si
521 387 613 434 fieri
629 397 797 451 potest,
825 386 881 433 ad
908 387 1141 433 amandam
1173 399 1378 435 aeternam
1403 388 1476 435 vi-

99 470 210 513 tam,
241 475 374 523 quam
416 459 629 522 Martyres
664 468 942 515 amaverunt,
976 457 1054 521 qui
1087 457 1185 504 haec
1221 458 1476 522 temporalia

97 540 463 593 contempserunt.
490 529 633 589 Rogo,
657 527 854 584 obsecro,
876 527 1096 585 exhortor,
1113 545 1204 573 non
1220 528 1359 574 solum
1376 545 1470 585 vos,

94 599 170 645 sed
195 599 424 646 vobiscum
457 610 500 645 et
533 616 636 655 nos,
676 598 906 659 diligamus
937 609 1143 644 aeternam
1171 599 1321 645 vitam.
1361 599 1473 644 Nolo

96 670 305 735 amplius,
327 688 430 718 cum
452 671 506 717 sit
529 670 739 735 amplior3
764 669 826 716 sic
848 687 942 716 eam
968 670 1197 730 diligamus
1212 707 1222 726 ‚
1252 669 1472 733 quomodo

94 739 293 801 diligitur
314 741 562 805 temporalis
598 741 654 786 ab
680 741 946 787 amatoribus
978 741 1064 786 suis
1091 758 1102 786 ε
1141 758 1228 786 non
1252 740 1472 804 quomodo

78 812 343 876 temporalis
376 813 466 858 vita
487 812 644 858 dilecta
677 823 739 857 est
772 830 795 857 a
819 812 978 858 sanctis
1015 812 1300 876 Martyribus‚
1339 812 1469 858 Istam

93 883 209 929 enim
232 894 307 929 aut
329 883 470 940 nihil,
511 894 586 929 aut
617 882 850 929 minimum
883 883 1153 940 dilexerunt,
1192 892 1235 928 et
1270 882 1309 927 ei
1344 881 1470 927 facile

76 954 397 1017 sempiternam
414 965 762 1018 praeposuerunt.
795 954 894 1000 Non
917 972 1016 1015 ergo
1042 955 1255 1018 Martyres
1279 952 1462 1010 attendi,

92 1025 268 1088 quando
303 1025 390 1071 dixi
424 1044 435 1071 ε
475 1026 713 1086 Diligamus
747 1037 981 1083 aeternam,
1027 1024 1248 1090 quomodo
1273 1023 1468 1084 diligitur

90 1095 338 1158 temporalis
360 1113 371 1140 :
397 1096 470 1141 sed
494 1096 714 1160 quomodo
738 1097 933 1157 diligitur
960 1095 1206 1161 temporalis
1229 1094 1286 1140 ab
1304 1106 1464 1141 amato-

74 1165 210 1211 =ribus
228 1166 314 1211 suis
327 1203 338 1223 ‚
362 1167 423 1212 sic
449 1167 680 1228 diligamus
700 1179 904 1213 aeternam
921 1206 932 1226 ,
954 1172 1080 1228 cujus
1097 1182 1287 1213 amorem
1307 1166 1465 1212 Chris-

9 1273 13 1302 ε
72 1236 229 1283 ·tianus
253 1238 498 1302 profitetur.

153 1309 236 1356 111.
284 1308 383 1355 [deo
414 1310 529 1356 enim
557 1310 799 1356 Christiani
824 1310 928 1356 facti
957 1327 1129 1368 sumuS,
1163 1329 1253 1360 non
1283 1320 1463 1377 propter

85 1377 202 1424 hanc
224 1380 505 1444 temporalem
533 1381 683 1428 vitam.
729 1380 873 1438 Quam
912 1381 1039 1427 multi
1072 1382 1187 1428 enim
1223 1379 1463 1429 Christiani

84 1447 307 1496 immaturi
329 1452 584 1515 rapiuntur,
617 1463 659 1497 et
691 1451 885 1512 sacrilegi
908 1452 1108 1498 homines
1131 1469 1266 1518 usque
1295 1452 1351 1499 ad
1381 1451 1461 1496 de-

84 1520 295 1583 crepitam
315 1533 486 1568 aetatem
513 1523 560 1568 in
581 1523 668 1568 hae
687 1522 776 1569 vita
805 1522 1080 1586 perdurant?
1121 1524 1207 1570 Sed
1241 1539 1387 1570 rursus
1420 1532 1463 1566 et

84 1590 202 1653 apud
223 1608 294 1637 eos
311 1593 438 1639 multi
454 1593 701 1639 moriuntur
718 1593 952 1640 immaturi.
980 1595 1020 1638 M
1030 1593 1119 1640 ulta
1138 1594 1296 1640 damna
1312 1592 1461 1639 Chris-

82 1659 325 1718 tianorum,
363 1674 407 1709 et
440 1663 561 1709 lucra
593 1664 830 1727 impiorum
855 1680 866 1708 ι
893 1674 935 1708 et
956 1680 1103 1710 rursus
1131 1663 1268 1710 multa
1299 1663 1459 1708 damna

80 1730 315 1795 impiorum
335 1771 345 1789 ‚
384 1745 426 1780 et
458 1734 581 1780 lucra
612 1734 977 1781 Christianorum.
1024 1736 1080 1780 Et
1112 1734 1240 1780 multi
1269 1734 1457 1779 honores

78 1800 312 1865 impiorum
335 1817 380 1852 et
398 1805 661 1866 abjectiones
687 1805 1037 1851 Christianorum
1060 1823 1069 1850 :
1098 1817 1141 1851 et
1161 1821 1307 1851 rursus
1328 1803 1455 1849 multi

78 1870 265 1920 honores
287 1876 637 1922 Christianorum
655 1913 665 1932 ‚
692 1886 734 1920 et
760 1876 1023 1936 abjectiones
1055 1876 1308 1939 impiorum.
1340 1875 1454 1920 Cum

77 1940 162 1987 sint
181 1962 280 2007 ergo
299 1947 378 1992 ista
395 1947 511 1992 bona
529 1957 570 1990 et
583 1946 695 1992 mala
713 1947 904 2009 utrisque
921 1947 1170 1992 communia
1185 1983 1196 2000 ‚
1219 1943 1452 2008 numquid,

75 2017 249 2072 fratres,
291 2016 469 2080 quando
508 2017 746 2062 Christiani
786 2017 886 2062 facti
921 2034 1096 2068 sumus,
1132 2027 1311 2079 propter
1341 2014 1454 2060 mala

75 2087 155 2132 ista
192 2086 448 2141 devitanda,
493 2085 558 2131 vel
593 2086 709 2132 bona
743 2086 1047 2149 adipiscenda,
1090 2103 1247 2131 nomen
1279 2085 1454 2131 Lliristo

75 2156 274 2203 dedimus
292 2195 302 2211 ‚
323 2168 365 2201 et
380 2156 565 2202 frontem
584 2167 704 2201 tanto
723 2157 843 2215 signo
862 2157 1153 2216 subjecimus)
1177 2157 1453 2202 Christianus

73 2243 117 2272 es
134 2266 144 2282 ,
169 2228 212 2272 in
230 2227 371 2272 fronte
389 2238 536 2291 portas
548 2244 723 2273 cruceni
746 2228 925 2274 Clu-isti.
951 2228 1190 2273 character
1210 2239 1307 2273 tuus
1325 2227 1453 2272 ‹lom-t

74 2298 183 2362 quid
208 2299 461 2363 profitearis.
500 2300 688 2356 Quando
723 2300 791 2344 ille
822 2301 866 2345 in
893 2317 1023 2347 cruce
1046 2300 1262 2362 pendebat
1281 2337 1291 2349 ,
1320 2315 1449 2362 quam

71 2386 244 2414 «trucem
272 2380 418 2432 portas
438 2370 483 2415 in
506 2371 669 2423 l'1‘0nw3
705 2371 818 2434 (non
844 2371 1013 2429 siguum
1048 2370 1153 2429 ligni
1178 2382 1218 2415 tt*
1238 2370 1418 2415 delectat
1439 2406 1450 2419 ,

81 2440 152 2485 sod
195 2440 363 2498 signum
396 2440 624 2503 pendentis
653 2441 699 2503 z)
735 2442 910 2504 quando
942 2458 1042 2499 orgo
1065 2441 1135 2486 illo
1164 2440 1377 2503 pendebat
1413 2441 1453 2485 in

73 2528 202 2556 (truce
222 2548 232 2565 ‚
274 2512 495 2556 saevientes
525 2513 902 2575 (ti1·(·umspi‹·i‹·l›;1t
925 2550 935 2562 ,
968 2512 1221 2557 ins-ultanus
1264 2512 1417 2556 [vrvlmt
1440 2549 1449 2559 .

72 2598 154 2645 pro
173 2581 359 2627 intruis-is
376 2583 543 2628 orabat.
578 2582 1350 2629 M‹=‹ti‹;11s‹=1i;unvum‹›‹:0i‹tvr‹·tn1·.
1375 2598 1451 2625 suo

72 2652 278 2712 sanguine
303 2663 484 2710 argi-utos·
509 2654 702 2700 sanabat.
739 2654 847 2698 Dixit
883 2654 1028 2698 enim:
1058 2676 1074 2692 α
1095 2653 1246 2706 Pater,
1279 2650 1448 2710 ignosce
