1942 3272
473 298 563 329 200
890 299 924 329 s.
968 297 1210 329 AUGUs'rINI
1247 299 1452 330 Eriscom

470 373 626 421 tatem,
648 362 948 424 ignominiam,
972 363 1027 409 ad
1042 374 1280 410 extremum
1303 366 1501 412 timorem
1521 364 1671 412 mortis
1692 375 1734 411 et
1752 364 1851 412 hos-

474 445 560 480 tem
585 434 882 481 saevissimum.

539 505 598 552 II.
630 506 713 551 Sed
733 505 892 561 videte,
915 505 1090 563 fratres,
1120 507 1221 569 quia
1245 517 1385 553 totum
1410 506 1505 552 ars³L
1535 507 1700 552 Christi
1724 507 1844 555 facit.

475 576 693 622 Admonet
728 594 805 622 nos
854 576 1115 639 Apostolus,
1172 588 1220 623 ut
1268 579 1550 642 praeferamus
1592 578 1850 624 charitatem

475 647 641 693 Christi
665 648 842 696 mundo.
874 650 1070 705 Quantas
1089 650 1304 709 angustias
1324 651 1570 714 patiuntur,
1596 650 1672 713 qui
1697 649 1851 695 volunt

472 735 623 782 rapere
648 737 712 764 res
730 719 915 765 alienas?
943 740 962 760 «
987 720 1053 764 An
1079 720 1322 783 persecutio
1340 758 1351 778 ,
1374 742 1393 761 n
1430 721 1514 766 ait?
1549 721 1604 765 lit
1640 720 1734 783 ipsa
1763 737 1850 765 non

472 789 645 850 frangit.
678 792 869 837 Avaritia
896 801 1097 847 terretur,
1120 808 1274 838 avarus
1297 792 1414 856 rapit
1433 809 1483 838 ac
1503 792 1626 836 timet
1648 807 1845 855 poenam,

474 872 629 907 aestuat
650 862 695 907 in
723 862 936 926 rapinam.
974 861 1103 907 Multi
1127 862 1256 908 etiam
1284 861 1439 908 famem
1465 862 1717 925 patiuntur,
1743 860 1849 906 dum

470 932 704 995 acquirunt
721 943 762 978 et
780 932 945 978 faciunt
967 932 1087 977 lucra
1103 969 1113 987 ,
1144 933 1307 995 quibus
1331 932 1614 996 praecipimus
1632 935 1845 991 jejunare,

472 1012 514 1047 et
531 1015 734 1049 excusant
761 1022 802 1049 se
828 1003 1068 1050 stomacho.
1105 1003 1242 1049 Vacat
1266 1003 1349 1049 illis
1376 1014 1464 1049 toto
1489 1003 1557 1048 die
1580 1003 1737 1049 solidos
1761 1020 1848 1048 nu-

471 1090 659 1131 merare,
695 1086 736 1121 et
764 1074 904 1136 jejuni
933 1074 1170 1121 dormiunt.
1202 1096 1221 1115 α
1240 1077 1306 1121 An
1337 1074 1534 1131 nuditas,
1555 1095 1575 1115 ›>
1611 1071 1698 1119 ait?
1728 1074 1848 1130 Quid

472 1142 616 1191 dicam
651 1145 704 1191 de
742 1146 966 1191 nuditates-³
993 1144 1201 1201 Quotidie
1229 1147 1516 1206 negotiatores
1546 1144 1598 1190 de
1623 1144 1847 1204 naufragio

471 1216 581 1261 nudi
615 1217 827 1273 evadunt,
860 1227 902 1261 et
929 1217 1084 1262 iterum
1115 1216 1321 1276 navigant
1354 1216 1407 1262 ad
1430 1215 1689 1279 periculum.
1723 1215 1847 1260 Unde

471 1287 667 1350 quotidie
687 1288 992 1353 periclitantur
1011 1287 1210 1332 homines
1224 1325 1235 1343 ‚
1255 1288 1337 1333 nisi
1359 1298 1540 1351 propter
1565 1286 1738 1332 divitias
1769 1304 1846 1332 ac-

469 1357 729 1420 quirendas?
768 1360 857 1404 Nec
887 1358 1053 1418 gladius
1088 1357 1310 1421 prohibet.
1352 1357 1549 1421 Capitale
1584 1357 1749 1403 crimen
1784 1368 1846 1403 est

465 1428 653 1487 falsitas,
689 1441 731 1475 et
756 1441 900 1476 tamen
927 1428 1241 1475 comminuitur
1275 1428 1522 1476 haereditas.
1563 1428 1607 1473 Si
1631 1445 1729 1488 ergo
1758 1428 1846 1474 hoc

468 1510 657 1546 meretur
708 1498 958 1563 temporalis
1006 1499 1225 1563 cupiditas
1247 1537 1257 1555 ‚
1312 1516 1445 1562 quare
1498 1516 1586 1544 non
1633 1508 1845 1544 mereatur

470 1570 638 1617 Christi
659 1572 918 1618 haereditas?
954 1573 1119 1616 Avarus
1143 1570 1250 1616 dicit
1277 1571 1323 1616 in
1354 1571 1485 1616 corde
1511 1588 1609 1627 suo,
1636 1570 1710 1633 qui
1736 1570 1844 1615 forte

464 1658 553 1687 non
579 1642 709 1687 audet
725 1642 770 1687 in
793 1641 941 1701 lingua
961 1658 1036 1687 sua
1057 1658 1068 1685 ε
1094 1641 1202 1697 Quis
1220 1658 1296 1687 nos
1324 1641 1542 1704 separabit
1563 1659 1585 1686 a
1602 1640 1844 1704 cupiditate

465 1711 584 1758 auri?
612 1712 888 1758 Tribulatio‘z)
910 1730 964 1757 an
982 1712 1205 1770 angustia?
1227 1729 1282 1757 an
1305 1711 1572 1774 persecutio?
1599 1713 1785 1756 Possunt
1803 1721 1844 1756 et

466 1783 583 1828 avari
599 1783 741 1829 dicere
761 1801 865 1828 auro
884 1801 894 1827 ε
923 1785 1108 1845 Propter
1128 1792 1165 1826 te
1179 1782 1424 1828 occidimur
1442 1792 1531 1828 tota
1551 1782 1634 1827 die.
1664 1782 1842 1845 Optime

465 1870 563 1912 ergo
604 1853 757 1899 dicunt
784 1852 921 1898 sancti
959 1854 1167 1915 Martyres
1198 1851 1243 1897 in
1269 1852 1443 1898 Psalmo
1473 1869 1482 1896 :
1520 1874 1538 1892 «
1561 1851 1718 1897 Judica
1755 1869 1837 1908 me,

465 1946 484 1964 »
504 1925 635 1979 Deus,
657 1935 698 1969 et
716 1924 909 1969 discerne
939 1940 1111 1968 cansam
1146 1940 1284 1967 meam
1304 1923 1356 1967 de
1375 1933 1498 1982 gente
1519 1939 1603 1967 non
1624 1923 1840 1968 sancia‘2.»

463 1994 691 2049 Discerne,
728 1995 890 2058 inquit,
929 1992 1257 2038 tribulationem
1287 2010 1424 2038 meam
1459 2011 1469 2037 z
1506 1992 1770 2038 tribulantur
1800 2003 1840 2037 et.

461 2065 590 2111 arari.
625 2066 826 2110 Discerne
854 2064 1071 2123 angustias
1107 2081 1251 2108 meas:
1292 2063 1520 2126 patiuntur
1557 2063 1772 2122 angustias
1798 2074 1839 2107 et

459 2136 590 2182 avari.
625 2136 828 2181 Discerne
854 2134 1174 2198 persecutiones
1202 2151 1347 2178 meas:
1379 2134 1608 2197 patiuntur
1632 2144 1672 2178 et
1701 2134 1830 2180 avari.

460 2206 664 2251 Discerne
684 2205 841 2251 firmem
871 2221 1009 2249 meam
1034 2220 1045 2249 z
1071 2221 1153 2267 pro
1173 2220 1276 2248 auro
1301 2203 1564 2266 acquirendo
1586 2203 1779 2248 esuriunt
1797 2216 1839 2249 ct

459 2275 589 2321 avari.
621 2275 828 2321 Discerne
849 2274 1090 2320 nuditatem
1111 2291 1249 2318 meam
1274 2291 1283 2318 :
1310 2291 1391 2336 pro
1413 2290 1517 2319 auro
1542 2273 1838 2337 despoliantur

456 2355 498 2390 et
519 2347 650 2392 avari.
682 2345 886 2391 Discerne
912 2354 1096 2389 mortem
1128 2361 1269 2389 meam
1300 2361 1309 2388 ε
1340 2361 1420 2407 pro
1448 2361 1553 2389 auro
1593 2344 1839 2390 moriuntur

455 2427 497 2461 ct
521 2417 651 2463 avari.
686 2416 806 2473 Quid
844 2426 939 2461 est:
969 2438 987 2456 α
1012 2416 1217 2461 Discerne
1249 2433 1422 2460 eausam
1449 2417 1620 2461 meam?
1656 2417 1836 2478 Propter

454 2508 474 2528 >2
492 2498 533 2532 te
557 2499 693 2533 morte
718 2488 932 2533 allicimur
964 2497 1052 2532 tota
1079 2486 1162 2533 dic.
1189 2508 1208 2527 »
1239 2486 1308 2531 Illi
1334 2497 1513 2550 propter
1541 2503 1694 2532 aurum
1714 2523 1724 2541 ,
1757 2504 1833 2532 nos

450 2568 632 2621 propter
660 2568 714 2604 te.
748 2556 909 2603 Similis
939 2574 1096 2621 poem,
1135 2557 1209 2603 sed
1239 2556 1421 2603 discreta
1447 2573 1590 2603 causa.
1628 2556 1712 2602 Ubi
1737 2555 1829 2603 dis-

498 2647 508 2669 1
528 2648 632 2685 Forte,
653 2645 858 2678 clm1·i1as.—-
871 2644 986 2679 21¹sat.
1005 2656 1085 2685 xnn,
1110 2658 1136 2679 ι.
