1863 3246
93 308 235 339 semro
269 309 461 352 (περι-ΧΠ,
499 309 553 341 DE
588 311 950 344 RESURRECTIONE
987 315 1277 349 MORTUORL‘M.
1333 302 1428 360 435

54 374 248 421 mortalis
271 375 448 436 gerebat
467 375 753 422 substantiam
773 395 785 423 ε
819 388 1102 442 posteaquam
1129 384 1357 430 resurrexit
1382 385 1430 431 in

53 455 179 491 aetate
209 444 256 491 in
291 462 377 508 qua
409 446 602 508 sepultus
635 458 719 503 est,
752 447 969 511 numquid
1006 449 1221 496 credimus
1253 469 1350 499 eum
1383 455 1431 500 in

53 514 166 560 coelo
183 519 429 561 senescere?
457 517 570 576 Ergo
601 538 620 557 «
649 517 811 573 Erunt,
845 517 1011 581 inquit,
1042 520 1228 582 aequales
1255 523 1425 583 Angelis

52 604 74 626 »
94 585 188 632 Dei.
214 605 235 626 »
259 586 451 632 Abstulit
471 587 524 632 de
552 586 694 633 medio
717 587 1005 651 suspicionem
1042 589 1322 648 Judaeorum‚
1351 611 1423 639 re-

49 653 158 701 fellit
191 656 431 702 calumnias
465 657 808 703 Sadducaeorum
838 675 849 702 :
884 659 986 721 quia
1010 658 1154 706 Judaei
1185 662 1423 710 credebant

50 727 225 789 quidem
251 738 561 774 resurrecturos
583 739 775 774 mortuos
793 765 804 785 ,
824 728 897 788 sed
916 728 971 774 ad
995 746 1094 792 quae
1124 748 1253 795 opera
1274 751 1420 781 resur-

48 807 215 857 gerent,
238 798 468 843 carnaliter
500 799 757 846 sentiebant.
796 820 815 840 «
839 800 976 844 Erunt
1001 801 1209 863 aequales,
1242 803 1415 867 inquit,

49 888 70 908 »
93 868 262 927 Angelis
288 869 379 915 Dei.
417 891 438 911 »
478 869 646 914 Audisti
678 868 731 914 de
756 869 917 914 virtute
944 869 1047 926 Dei,
1073 871 1173 917 audi
1211 874 1339 920 etiam
1363 875 1418 922 de

48 937 300 1001 Scripturis.
328 960 348 981 α
372 941 436 984 De
459 939 765 984 resurrectione
780 977 791 995 ‚
811 939 977 1002 inquit,
1004 957 1091 986 non
1111 941 1286 1002 legisti8‚
1310 961 1416 1008 quo-

46 1031 67 1051 »
83 1010 213 1055 modo
231 1010 400 1056 locutus
421 1012 475 1056 sit
498 1011 704 1056 Dominus
726 1010 778 1055 ad
804 1012 981 1073 Moysen
1003 1010 1056 1056 de
1074 1012 1209 1069 rubo,
1233 1013 1380 1062 dicens
1400 1034 1411 1062 ε

45 1099 67 1122 »
88 1081 180 1140 Ego
202 1097 296 1126 sum
326 1083 435 1126 Deus
464 1080 682 1126 Abraham
700 1116 711 1135 ‚
736 1080 850 1125 Deus
871 1083 1013 1135 Isaac,
1040 1092 1082 1126 et
1105 1082 1220 1128 Deus
1239 1084 1411 1132 Jacob?

45 1171 66 1191 ›>
85 1150 182 1196 Non
204 1161 266 1195 est
299 1152 411 1196 Deus
434 1161 701 1195 mortuorum
717 1187 728 1204 ,
754 1149 826 1194 sed
855 1150 1092 1197 vivorum1.
1123 1174 1142 1193 ›>

108 1221 229 1266 XlX.
272 1220 402 1277 Quod
422 1237 521 1280 ergo
542 1235 829 1278 resurgamus,
847 1218 1013 1264 dietum
1035 1231 1095 1282 est
1114 1241 1125 1274 ;
1149 1234 1190 1268 et
1207 1227 1415 1286 quoniam

0 1321 1 1329 κ
43 1290 97 1337 ad
121 1291 252 1336 vitam
276 1290 537 1351 Angelorum
562 1289 845 1349 resurgi111u8‚
870 1307 893 1333 a
921 1290 1105 1335 Domino
1130 1293 1374 1342 audivimus
1398 1316 1408 1343 ε

39 1364 85 1408 in
108 1378 194 1425 qua
216 1379 316 1407 vero
337 1362 476 1424 specie
498 1376 768 1419 resurgamus
783 1395 793 1411 ‚
814 1360 905 1422 ipse
932 1361 1118 1406 ostendit
1139 1363 1184 1407 in
1202 1381 1412 1413 resurrec-

40 1434 154 1478 tione
175 1449 263 1478 sua.
296 1432 410 1487 Quia
428 1447 530 1475 vero
560 1430 652 1492 ipsa
675 1429 838 1492 species
863 1431 1185 1493 corruptionem
1214 1451 1301 1480 uon
1325 1435 1409 1483 ha-

38 1502 186 1558 bebit,
215 1499 446 1565 Apostolus
465 1499 574 1545 dicit
595 1517 606 1544 :
634 1521 653 1540 «
675 1499 771 1543 Hoc
795 1509 937 1543 autem
957 1498 1056 1544 dico
1073 1537 1084 1555 ,
1106 1500 1279 1559 fratres,
1308 1507 1410 1568 quia

37 1593 60 1614 ι)
79 1588 179 1618 caro
208 1583 250 1617 et
279 1571 450 1631 sanguis
475 1585 653 1629 regnum
683 1568 759 1613 Dei
783 1567 1038 1614 haereditate
1072 1571 1289 1632 possidere
1324 1593 1411 1622 non

38 1654 283 1707 »possunt3
323 1658 461 1705 neque
491 1639 715 1703 corruptio
747 1639 1121 1702 incorruptionem
1157 1641 1411 1692 haereditate

36 1735 58 1756 »
76 1713 346 1778 possidebit:
371 1734 389 1753 »
416 1722 463 1758 ut
487 1709 727 1756 ostenderet
760 1709 934 1754 nomine
955 1710 1095 1754 carnis
1125 1722 1165 1756 et
1192 1716 1411 1774 sanguinis

36 1783 361 1846 corruptionem
388 1780 578 1827 mortalis
603 1778 884 1842 animalisque
904 1780 1096 1843 corporis
1117 1798 1158 1827 se
1174 1782 1409 1846 intelligere

35 1854 230 1900 voluisse.
262 1852 428 1898 Deinde
451 1851 576 1896 solvit
596 1854 684 1910 jam
709 1850 800 1912 ipse
820 1851 1100 1912 ‹ltlaestioriein
1121 1888 1131 1907 ,
1155 1868 1284 1915 quam
1305 1873 1410 1919 pos—

34 1935 127 1970 sent
150 1923 206 1969 ab
229 1939 278 1969 eo
307 1923 477 1968 solliciti
514 1920 728 1966 auditores
755 1919 975 1982 exquirere
1006 1937 1016 1965 2
1058 1922 1159 1983 quia
1185 1923 1410 1971 sollicitior

33 1995 124 2058 ipse
143 1994 197 2040 de
220 1993 439 2039 intellectu
466 1991 649 2036 liliorum
670 2027 679 2042 ,
707 2006 838 2052 quam
867 1989 942 2034 filii
967 2001 1066 2035 sunt
1084 1990 1137 2035 de
1162 1993 1304 2038 verbis
1323 2013 1407 2058 pa-

32 2076 219 2112 rentum.
242 2063 479 2123 Subjuugit
497 2078 613 2121 ergo,
633 2072 675 2105 et
695 2060 800 2105 dicit
819 2077 829 2102 τ
852 2081 870 2099 «
891 2061 1001 2104 Ecce
1020 2063 1269 2124 mysterium
1286 2066 1408 2112 vobis

32 2156 55 2178 2>
75 2135 187 2182 dico.
215 2155 234 2175 »
273 2134 476 2190 Quiescat
506 2132 712 2192 cogitatio
750 2141 845 2186 tua,
883 2147 908 2175 o
935 2130 1089 2187 homo,
1111 2133 1307 2197 quisquis
1343 2153 1398 2184 esu

34 2206 244 2270 Coeperas
262 2203 376 2249 enim
398 2203 584 2262 cogitare
602 2201 655 2246 de.
671 2201 814 2246 verbis
836 2200 1046 2264 Apostoli,
1067 2202 1183 2264 quod
1205 2220 1305 2249 caro
1324 2205 1404 2251 hu-

32 2286 160 2323 'mana
185 2291 269 2322 non
290 2283 507 2333 resurgat,
537 2289 636 2319 cum
655 2271 824 2317 audires
845 2289 855 2316 ε
887 2293 907 2312 «
928 2274 1041 2316 (jaro
1065 2283 1104 2317 et
1120 2275 1290 2334 sanguis
1313 2293 1404 2337 reg-

34 2365 56 2389 »
76 2364 178 2393 num
199 2345 278 2391 Dei
297 2361 382 2390 non
401 2342 666 2407 possidebit:
686 2363 705 2383 »
723 2341 797 2387 sed
815 2341 963 2404 praebe
978 2358 1121 2387 aunem
1141 2359 1402 2408 consequen·

31 2417 192 2463 stibus
223 2414 390 2468 verbis,
425 2423 466 2458 et
499 2412 662 2471 corrige
699 2412 1083 2475 presumptionem
1113 2413 1394 2471 cogitationis.

33 2509 54 2529 v«
75 2488 213 2542 Ecce,
248 2485 390 2549 iuquit
409 2521 419 2537 ‚
452 2483 700 2547 mysterium
726 2480 826 2527 dico
857 2481 994 2528 vobis.
1032 2485 1194 2527 Omnes
1224 2484 1399 2546 quidem

32 2570 56 2601 ‚s
74 2570 361 2617 resurgemu8‚
387 2552 461 2600 sed
480 2569 565 2598 non
583 2567 730 2597 omnes
754 2550 1125 2599 immutabimus-².
1152 2570 1172 2592 υ
1198 2553 1317 2609 Quid
1340 2567 1402 2601 est

87 2646 98 2668 ¹
116 2644 230 2677 Mauh.
245 2655 328 2683 xxii,
351 2646 385 2674 31
413 2648 443 2674 et
459 2644 513 2675 32.
533 2659 576 2665 —
592 2640 608 2662 ²
630 2652 640 2672 ι
660 2643 733 2672 Cor.
752 2650 803 2678 xv,
821 2642 872 2671 51.

1197 2693 1271 2740 28,
