1863 3246
409 339 550 371 semro
587 341 787 383 cccmxv,
827 342 881 374 DE
919 343 1134 378 sansone.
1371 330 1461 399 ,467

84 411 231 471 portas
256 404 460 461 civitatis,
506 405 550 451 id
589 417 667 463 est,
706 407 846 453 aufert
872 420 1018 472 portas
1050 409 1220 459 inferni.
1251 413 1371 470 Quid
1401 429 1464 464 est

83 487 231 542 portas
253 476 409 523 inferni
430 475 592 533 tollere,
609 477 687 523 nisi
706 479 854 524 mortis
868 480 1099 543 imperium
1114 499 1328 529 removere
1339 488 1355 529 ζ)
1372 485 1463 530 Re-

84 547 278 612 cipiebat
295 547 409 592 enim
425 557 468 591 et
489 564 576 592 non
596 548 857 596 remittebat.
885 549 1004 607 Quid
1026 561 1168 596 autem
1186 551 1286 598 fecit
1306 553 1462 599 Domi-

83 635 165 665 nus
181 629 324 666 noster
336 618 458 664 Jesus
476 618 710 665 Chrisms‘?
734 619 901 666 Ablatis
916 620 1053 684 portis
1078 622 1244 679 mortis,
1271 625 1465 670 ascendit

81 689 128 736 in
152 707 362 736 cacumen
388 690 560 737 montis.
593 691 804 737 [Novimus
834 691 950 737 enim
984 709 1082 738 eum
1110 704 1153 738 et
1174 696 1458 751 resurrexisse,

66 771 125 806 'et
144 760 191 808 in
218 761 352 807 coelos
376 760 629 807 ascendisse.

147 831 199 878 V.
242 831 362 888 Quid
389 842 452 877 est
487 842 631 877 autem
662 831 780 895 quod
814 832 860 877 in
892 831 1060 896 capillis
1082 833 1286 880 virtutem
1316 835 1459 881 habe-

80 903 191 950 bat?
218 904 274 949 Et
299 903 385 949 boc
401 940 412 960 ‚
438 903 615 959 fratres,
642 903 868 963 diligenter
890 903 1111 950 attendite.
1138 904 1352 951 Virtutem
1374 923 1460 952 non

78 972 239 1020 habuit
269 974 315 1019 in
340 991 471 1020 manu
489 1011 500 1029 ‚
527 991 614 1019 non
637 974 682 1019 in
709 974 819 1037 pede
838 1012 849 1031 ,
886 991 973 1020 non
997 974 1042 1019 in
1072 986 1272 1038 pectore,
1302 994 1389 1022 non
1412 977 1458 1023 in

78 1044 174 1108 ipso
196 1045 367 1108 capite;
395 1044 529 1090 sedin
560 1044 731 1107 capillis
751 1082 760 1098 ,
780 1045 825 1090 in
852 1045 1060 1091 crinibus,
1093 1045 1213 1101 Quid
1249 1057 1348 1092 sunt
1382 1064 1460 1094 ca-

79 1114 199 1179 pilli,
223 1115 329 1178 quid
348 1119 511 1161 comae'?
543 1116 595 1159 Et
613 1132 689 1160 nos
707 1115 902 1162 videmus
917 1153 927 1170 ‚
949 1126 991 1160 et
1015 1116 1302 1177 interrogatus
1325 1123 1464 1182 Apos-

83 1184 192 1231 tolus
211 1185 442 1250 respondet
467 1185 595 1230 nobis
619 1203 629 1230 z
652 1208 672 1226 «
693 1188 829 1232 (joma
851 1186 1138 1232 velamentum
1160 1187 1264 1235 est‘l.
1290 1210 1310 1229 »
1338 1191 1389 1234 Et
1414 1191 1459 1235 in

78 1255 321 1302 velamento
342 1256 545 1301 Christus
582 1256 776 1301 habebat
810 1256 1012 1301 virtutem
1033 1293 1043 1312 ‚
1080 1257 1256 1319 quando
1288 1260 1457 1305 umbra:

78 1327 234 1373 veteris
256 1326 380 1386 Legis
400 1343 500 1371 cum
529 1327 746 1385 tegebant.
779 1328 914 1372 Coma
941 1343 1040 1386 ergo
1066 1328 1246 1373 Samson
1268 1329 1313 1374 in
1336 1330 1456 1375 vela-

79 1407 224 1443 mento
253 1407 368 1451 erat3
399 1397 502 1460 quia
531 1397 576 1441 in
612 1396 788 1440 Christo
823 1396 941 1442 aliud
977 1396 1234 1454 videbatur,
1272 1410 1314 1444 et
1338 1400 1457 1447 aliud

78 1467 414 1529 intelligebatur.
443 1466 563 1523 Quid
584 1477 726 1512 autem
747 1466 831 1512 sibi
863 1466 984 1522 vult,
1010 1466 1128 1529 quod
1146 1468 1373 1531 proditum
1397 1483 1458 1519 est

79 1548 288 1585 secretum
303 1576 315 1596 ,
343 1549 384 1583 et
403 1537 654 1583 decalvatus
673 1548 734 1582 est
753 1538 962 1582 Samson?
983 1539 1244 1601 Contempta
1269 1551 1330 1585 est
1351 1543 1452 1595 Lex,

78 1619 120 1654 et
140 1626 290 1673 passus
314 1619 378 1655 est
401 1608 613 1654 christus.
652 1607 878 1652 Christum
912 1607 1026 1652 enim
1063 1624 1148 1652 non
1179 1610 1453 1664 occiderent,

77 1679 113 1728 si
134 1681 291 1741 Legem
314 1697 401 1725 non
419 1678 789 1742 contempsissent.
820 1678 851 1722 *N
861 1695 928 1723 am
957 1689 1164 1722 noverant
1181 1690 1221 1723 et
1250 1680 1332 1743 ipsi
1348 1685 1451 1746 quia

76 1743 136 1790 eis
150 1744 375 1790 Christum
393 1761 479 1789 non
492 1743 651 1789 licebat
662 1741 873 1788 occidere.
887 1742 1268 1802 Dicebzintjuclici:
1284 1768 1303 1786 (ι
1318 1748 1451 1794 nohis

79 1831 198 1862 »non
212 1815 313 1867 licet
325 1815 521 1862 occidere
535 1814 721 1877 aliquem
733 1814 765 1860 2'.
789 1836 808 1854 »
827 1812 1082 1859 Decalvatus
1095 1825 1157 1858 est
1172 1816 1370 1865 Samson.
1389 1836 1450 1864 re-

76 1884 215 1932 velata
235 1897 334 1932 sunt
351 1885 584 1940 condensa,
605 1895 816 1930 remotum
833 1894 895 1928 est
914 1882 1201 1930 velamentum
1221 1905 1232 1939 ;
1249 1897 1289 1931 et
1303 1888 1452 1935 Chris-

77 1965 145 2002 tus
174 1957 250 2020 qui
279 1956 442 2002 latebat
475 1956 694 2018 apparuit.
736 1954 897 2017 (lapilli
931 1964 1071 2000 autem
1100 1956 1278 2002 redivivi
1315 1973 1448 2023 caput

76 2026 326 2072 vestierunt:
345 2027 446 2090 quia
462 2025 605 2070 Judzei
626 2042 701 2070 nec
722 2034 1007 2082 resurgentem
1030 2025 1253 2071 Christum
1275 2029 1446 2076 credere

66 2095 312 2144 volucrunt.
348 2096 445 2142 Fuit
479 2095 655 2159 quidem
694 2095 738 2140 in
771 2094 1017 2140 molendino
1042 2106 1257 2149 careatus,
1294 2098 1376 2145 suit
1399 2103 1440 2148 in

67 2165 197 2212 domo
218 2168 412 2214 carceris.
440 2168 603 2212 Domus
618 2165 802 2210 carceris
820 2165 886 2211 vel
911 2164 1223 2217 molemlinmn,
1246 2167 1371 2216 labor
1381 2185 1438 2217 est

67 2237 198 2298 hujus
216 2239 376 2286 saeculi.
407 2238 648 2283 lixeaeeano
675 2247 813 2282 autem
843 2238 1022 2283 Samson
1047 2236 1138 2282 illos
1161 2237 1341 2290 iudicat.
1364 2245 1438 2306 qni

66 2308 320 2357 infidelitate
338 2309 489 2355 caecati
510 2309 732 2353 Christum
755 2326 831 2353 nee
853 2309 1031 2353 munes
1056 2320 1304 2371 operantem
1325 2350 1335 2360 .
1360 2332 1436 2359 nee

67 2380 367 2426 ascendentem
411 2379 464 2426 ad
507 2378 697 2423 (aplestia
745 2389 1054 2438 cognoverunt.
1109 2381 1292 2427 (Iu-citas
1336 2402 1434 2443 ergo

66 2465 197 2513 quam
243 2450 481 2496 intulerunt
500 2488 510 2501 ,
563 2449 801 2493 ear-ritatem
845 2449 1097 2494 duda-orum
1141 2450 1427 2509 significabat.

67 2519 268 2567 Christus
287 2531 430 2568 autem
451 2539 473 2566 a
495 2518 660 2565 suda-eis
678 2528 715 2562 et
736 2519 1073 2582 comprehensus
1093 2530 1151 2563 est
1170 2532 1205 2564 et
1233 2524 1397 2568 occisus
1417 2543 1430 2570 :

66 2591 139 2637 sed
163 2593 296 2653 magis
332 2592 634 2638 interficientes
665 2590 839 2636 oceidit.
887 2589 1164 2636 Adanu-runt
1201 2610 1300 2653 ergo
1334 2611 1430 2641 eum

115 2679 124 2701 ¹
166 2682 259 2715 iCor.
282 2683 456 2719 x1,15.-
475 2681 490 2702 ²
506 2684 601 2712 Joun.
623 2681 788 2722 xi'111‚31.

1224 2737 1298 2781 3¹³.
