1999 3324
479 348 531 379 12
879 350 914 380 S.
958 348 1199 381 AUGUSTINI
1234 351 1435 383 EPISCOPI

469 415 706 459 sanorum?
736 413 871 459 Plane
895 431 1043 460 verum
1067 425 1128 459 est
1155 432 1165 459 ε
1192 414 1267 461 ido
1287 427 1482 462 mortuus
1510 425 1573 463 est
1591 419 1748 466 Petrus
1767 457 1778 476 ,
1808 427 1850 466 01

470 484 624 529 Romae
649 484 835 547 positus,
859 495 906 530 ut
930 484 1096 548 lapides
1117 485 1170 530 de
1194 485 1365 531 theatro
1387 503 1475 533 non
1501 488 1736 536 caderent?
1757 491 1848 536 Ex-

470 554 580 599 cutit
606 555 718 599 Deus
742 554 918 600 delicias
938 572 1174 618 puerorum
1193 555 1247 602 de
1268 558 1470 603 manibus
1495 558 1849 623 indisciplinato-

469 640 580 670 rum.
622 625 814 680 Fratres,
841 636 1021 687 peccata
1058 625 1304 671 minuamus
1339 638 1383 672 et
1422 644 1660 675 murmura.
1695 630 1850 676 Hostes

470 694 602 739 simus
627 694 934 757 iniquitatibus
949 695 1122 751 nostris,
1150 698 1361 742 murmuri
1387 708 1532 743 nostro
1555 716 1566 743 ε
1590 699 1847 745 0011151105-

470 780 637 820 camur,
660 781 746 810 non
765 769 871 811 Deo.
904 787 923 806 «
944 766 1186 811 Irascimini
1204 802 1216 822 ‚
1241 787 1260 808 ›>
1283 784 1460 830 prorsus
1482 768 1718 814 irascimini
1739 787 1750 814 ε
1771 770 1846 815 sed

472 834 527 879 ad
546 851 653 897 quos
675 838 800 880 usus'?
821 857 842 876 <c
862 836 915 880 lit
938 836 1070 881 nolite
1092 853 1272 899 peccare
1296 836 1329 883 1.
1352 859 1372 878 n
1398 838 1464 883 Ad
1479 838 1564 884 hoc
1589 840 1847 896 irascimini,

469 921 522 949 ne
545 906 746 968 peccetis.
784 907 956 952 Etenim
985 907 1124 952 01111115
1153 907 1286 952 1101110
1305 943 1316 963 ,
1343 925 1468 971 quem
1507 910 1729 972 poenitet,
1767 911 1849 955 sibi

471 973 672 1020 irascitur
697 993 707 1019 ε
733 977 1006 1039 poenitentiae
1024 978 1131 1022 iram
1156 988 1317 1022 exercet
1332 978 1377 1022 111
1402 996 1456 1024 50.
1491 979 1561 1024 Vis
1583 996 1683 1038 ergo
1707 990 1755 1024 ut
1768 979 1851 1024 tibi

470 1055 624 1106 parcat
647 1045 789 1091 Deus?
807 1047 873 1090 Tu
893 1046 970 1090 tibi
991 1045 1077 1090 noli
1100 1063 1289 1108 parcere.
1316 1047 1428 1102 Quia
1448 1048 1480 1093 si
1505 1058 1553 1092 tu
1574 1049 1658 1093 tibi
1686 1050 1846 1112 parcis„

469 1113 539 1158 ille
578 1114 661 1159 tibi
694 1132 780 1160 non
806 1126 990 1177 parcet:
1019 1115 1120 1178 quia
1148 1116 1181 1160 si
1213 1125 1254 1160 ct
1280 1115 1350 1160 ille
1386 1116 1466 1161 tibi
1504 1128 1683 1179 parcat,
1713 1117 1840 1181 peris.

471 1183 617 1229 Nescis
638 1185 757 1247 quod
777 1195 900 1247 optas
917 1186 1060 1242 miser,
1084 1186 1210 1248 peris.
1239 1186 1362 1230 Sicut
1386 1186 1498 1231 enim
1524 1186 1738 1251 scriptum
1765 1199 1844 1245 051,

471 1275 491 1295 «
516 1254 723 1313 Flagellat
764 1272 935 1301 0111110111
975 1256 1142 1312 filium,
1190 1273 1321 1318 quem
1355 1257 1513 1320 recipit
1543 1275 1552 1301 :
1584 1259 1688 1303 »510
1721 1259 1851 1304 0110111

470 1323 579 1369 illud
603 1325 723 1381 111110,
747 1346 767 1366 α
793 1326 986 1372 irritavit
1011 1326 1249 1371 Dominum
1269 1337 1473 1389 peccator
1492 1328 1524 1373 2.
1555 1348 1573 1367 ›>
1599 1328 1723 1373 Unde
1740 1329 1848 1374 scis?

471 1394 593 1457 quasi
617 1395 831 1441 diceretur
869 1396 933 1442 illi
960 1414 970 1441 ε
1003 1396 1131 1441 Unde
1161 1396 1241 1441 scis
1270 1397 1371 1459 quia
1399 1397 1583 1442 irritavit
1612 1398 1850 1444 Dominum

469 1469 700 1529 peccatori)
731 1467 851 1512 Vidit
884 1466 1054 1512 felicem
1083 1477 1381 1529 peccatorem,
1410 1467 1604 1529 quotidie
1640 1468 1751 1513 mala
1780 1469 1851 1514 fa-

470 1536 652 1580 cientem
667 1572 677 1592 ,
702 1547 744 1581 01
767 1537 877 1582 nihil
903 1537 1005 1582 mali
1029 1537 1262 1599 patientem
1284 1574 1295 1592 ‚
1328 1547 1369 1581 et
1392 1537 1437 1581 in
1463 1538 1631 1599 Spiritu
1664 1549 1812 1584 sancto
1832 1539 1850 1566 3

470 1606 664 1662 horruit,
687 1618 729 1652 et
753 1607 921 1663 doluit,
960 1618 1001 1652 01
1027 1607 1134 1652 dixit
1159 1625 1169 1651 :
1202 1627 1222 1647 α
1245 1607 1438 1651 irritavit
1464 1608 1703 1654 Dominum
1741 1626 1850 1672 pec-

472 1696 492 1717 »
519 1687 652 1722 cator.
685 1698 705 1717 >³
736 1678 944 1722 Peccator
973 1678 1050 1722 1510
1084 1676 1160 1739 qui
1190 1676 1294 1721 facit
1330 1687 1450 1722 tanta
1480 1677 1593 1722 mala
1614 1715 1625 1734 ,
1661 1689 1703 1723 01
1738 1679 1853 1724 nihil

470 1747 572 1793 mali
603 1748 793 1811 patitur,
822 1748 1009 1794 irritavit
1045 1748 1298 1794 Dominum.
1331 1748 1547 1793 Provocat
1566 1749 1805 1795 Dominum
1835 1768 1846 1794 ε

469 1839 490 1858 «
520 1818 604 1862 Pro
621 1818 917 1877 magnitudine
945 1819 1021 1864 irae
1043 1835 1132 1863 suae
1156 1835 1244 1862 non
1263 1816 1467 1880 exquiret.
1496 1839 1517 1859 >³
1541 1817 1645 1864 Ideo
1668 1835 1756 1864 non
1775 1836 1850 1865 ex-

471 1888 628 1951 quiret,
656 1889 758 1951 quia
785 1889 971 1934 multum
1003 1886 1215 1934 irascitur.
1244 1888 1332 1944 Qui
1368 1888 1477 1933 tollit
1508 1881 1848 1952 correptionem,

471 1969 597 2021 parat
621 1958 956 2006 damnationem.
987 1980 1007 2000 c<
1029 1960 1127 2004 Non
1158 1958 1349 2021 exquiret
1372 1975 1382 2003 ε
1405 1980 1424 1999 1)
1449 1960 1561 2004 Nam
1588 1959 1622 2004 51
1657 1961 1850 2023 exquire-

469 2038 549 2084 ret,
575 2028 834 2088 flagellaret3
862 2040 902 2074 et
926 2030 1101 2075 fortasse
1119 2029 1382 2074 emendaret.
1412 2029 1545 2075 Modo
1569 2040 1713 2075 autem
1731 2030 1852 2076 inul-

470 2108 565 2144 tum
593 2099 792 2144 irascitur
816 2117 826 2144 :
857 2099 1056 2145 felicibus
1082 2099 1243 2162 iniquis
1277 2098 1466 2144 multum
1494 2099 1722 2155 irascitur,
1750 2117 1853 2146 cum

472 2186 559 2214 non
573 2168 857 2227 flagellantur.
886 2169 1027 2214 Nolite
1054 2169 1189 2214 zelare
1207 2168 1319 2224 illos,
1348 2168 1480 2213 nolite
1500 2167 1609 2214 velle
1635 2186 1720 2214 esse
1741 2170 1853 2215 sicut

469 2238 533 2284 illi
576 2238 803 2284 infeliciter
828 2238 984 2285 felices.
1024 2238 1175 2283 Melius
1221 2248 1283 2282 051
1319 2237 1374 2283 ad
1407 2248 1576 2302 tempus
1611 2238 1847 2299 flagellari,

473 2326 605 2372 quam
620 2307 663 2354 in
687 2320 893 2354 aeternum
917 2308 1133 2354 damnari.

535 2380 613 2425 XI.
651 2380 763 2439 Ergo
781 2378 1239 2425 commendavitnobis
1263 2378 1477 2423 Dominus
1497 2395 1594 2424 oves
1615 2395 1729 2433 suas,
1748 2379 1853 2442 quia

471 2452 599 2496 Petro
618 2449 938 2496 commendavit
960 2467 970 2494 :
993 2450 1026 2494 si
1046 2460 1189 2495 tamen
1205 2466 1253 2494 ex
1278 2449 1421 2512 aliqua
1441 2459 1565 2512 parte
1583 2449 1649 2495 vel
1666 2460 1854 2496 extrema

473 2520 593 2580 digni
621 2537 768 2565 sumus
791 2520 1014 2583 pulverem
1047 2519 1326 2578 vestigiorum
1351 2518 1468 2563 Petri
1501 2518 1696 2573 calcare;
1735 2537 1852 2565 com-

473 2591 696 2639 mendavit
707 2591 832 2637 nobis
846 2608 942 2637 oves
960 2590 1188 2638 Dominus.
1208 2590 1322 2637 Oves
1340 2589 1475 2655 ipsius
1496 2589 1610 2649 estis,
1625 2589 1852 2641 vobiscum

523 2680 696 2721 ¹1³sa1.1v‚
718 2681 751 2715 5.
773 2699 814 2706 —
829 2678 908 2715 2111.
930 2691 977 2724 ix,
995 2686 1027 2719 4.
1045 2697 1089 2705 —
1103 2677 1117 2704 3
1136 2682 1228 2713 Forte
1246 2690 1315 2714 tuo,
