1863 3246
351 326 492 358 SERMO
529 326 770 368 CCCXLVHI,
808 326 864 357 DE
897 325 1063 357 TJMORE
1099 327 1188 358 DEI.
1362 311 1446 358 281

80 393 226 458 sophi,
248 410 335 439 non
354 392 491 438 solum
508 392 729 456 Epicurei,
752 392 829 455 qui
845 391 974 437 etiam
993 390 1130 455 ipsam
1143 392 1355 451 justitiam
1375 410 1453 439 ve—

79 464 219 510 nalem
244 464 424 519 habent„
455 461 637 508 earnalis
669 464 807 526 pretio
841 462 1095 525 voluptatis.
1138 463 1303 508 Dicunt
1338 464 1453 509 enim

79 546 306 599 propterea
326 534 580 597 sapientem,
594 537 762 593 justum
783 551 868 578 esse
890 533 1064 589 debere,
1088 544 1136 578 ut
1156 533 1221 579 vel
1239 534 1450 597 acquirat,

78 605 145 651 vel
172 615 312 650 teneat
335 621 381 649 ex
407 621 590 666 corpore
617 603 899 666 voluptatem.
933 604 1042 648 Nam
1067 613 1108 647 et
1133 603 1180 648 hi
1204 603 1453 649 fortissimos

79 692 120 720 se
139 678 323 735 jactant,
353 685 393 720 et
426 674 537 720 nihil
572 677 748 719 omnino
785 675 930 719 timere
965 691 1006 719 se
1038 673 1342 738 dieunt2quia
1375 692 1454 721 nec

79 745 320 809 quidquam
339 747 477 791 Deum
498 763 561 790 res
584 746 799 791 humanas
816 762 966 791 curare
986 745 1270 802 arbitrantur,
1295 757 1336 791 et
1353 764 1454 792 eon·

78 827 251 879 sumpta
280 816 359 861 ista
389 816 479 862 vita
512 815 675 861 nullam
709 814 1071 879 postea'credunt
1105 815 1324 870 futuram3
1351 828 1393 861 et
1420 817 1452 862 si

78 885 185 949 quid
206 887 263 931 eis
284 886 553 933 adversitatis
576 886 620 931 in
647 885 732 931 liae
758 886 849 949 ipsa
875 884 1105 946 contingit,
1132 903 1181 931 eo
1204 904 1245 932 se
1266 887 1455 932 munitos

77 957 335 1013 existimant,
373 957 475 1019 quia
513 957 709 1020 eorporis
735 955 1022 1019 voluptatem,
1049 973 1147 1002 eum
1174 974 1265 1002 eam
1291 958 1334 1003 in
1362 958 1454 1021 ipso

78 1044 257 1090 corpore
281 1037 423 1072 tenere
447 1044 532 1071 non
557 1037 754 1090 possunt,
788 1038 969 1090 possunt
994 1038 1137 1073 tamen
1165 1028 1308 1073 animo
1333 1028 1455 1088 eogi—

78 1107 184 1152 tare‚
214 1108 256 1142 et
277 1115 325 1142 ea
349 1096 610 1156 cogitatione
630 1114 715 1142 sese
734 1096 1012 1154 oblectando,
1039 1097 1274 1162 corporalis
1291 1098 1454 1163 volup—

78 1167 179 1212 tatis
197 1166 532 1223 beatitudinem,
554 1167 682 1212 etiam
706 1177 857 1212 eontra
874 1167 1114 1232 corporalis
1133 1168 1291 1214 doloris
1318 1169 1453 1233 impe-

79 1248 169 1283 tum
191 1238 420 1284 custodire.
457 1237 684 1300 Numquid
708 1255 793 1283 non
820 1248 862 1283 et
886 1238 1005 1301 apud
1030 1239 1130 1285 istos
1152 1239 1326 1285 dileetio
1342 1240 1454 1287 foras

77 1309 212 1355 mittit
249 1310 479 1355 timorem?
517 1309 603 1354 Sed
641 1309 816 1354 dileetio
854 1309 1160 1356 sordidissimae
1198 1311 1451 1375 voluptatis,

76 1380 163 1425 imo
193 1379 368 1426 dileetio
397 1380 659 1443 turpissimae
683 1380 900 1427 vanitatis.
941 1380 1052 1426 Nam
1083 1398 1185 1427 eum
1209 1382 1347 1446 ipsam
1373 1400 1454 1429 vo—

76 1450 287 1514 luptatem
318 1450 370 1496 de
398 1451 604 1496 membris
628 1451 824 1515 eorporis
856 1451 1021 1497 irruens
1053 1451 1177 1498 dolor
1210 1453 1451 1511 excluserit,

75 1538 153 1585 per
173 1520 323 1567 falsam
346 1525 436 1582 ejus
460 1521 692 1581 imaginem
719 1522 762 1567 in
797 1522 940 1567 animo
963 1522 1168 1568 vanitatis
1192 1524 1446 1572 remanebit.

76 1598 188 1654 Quae
217 1598 383 1644 vanitas
415 1607 585 1643 tantum
619 1609 806 1653 amatur,
840 1608 888 1644 ut
917 1616 1018 1645 eum
1042 1616 1135 1644 eam
1159 1616 1296 1645 vanus
1320 1601 1452 1647 homo

77 1668 176 1713 totis
209 1668 375 1714 viribus
409 1667 552 1713 cordis
589 1668 894 1732 amplectitur,
932 1669 1060 1714 etiam
1092 1669 1252 1716 doloris
1288 1672 1452 1718 saevitia

74 1738 306 1798 mitigetur.
340 1740 435 1784 Non
460 1738 596 1784 solum
621 1756 720 1799 ergo
749 1738 816 1784 isti
842 1738 1069 1786 deridendi
1091 1751 1206 1796 suut,
1229 1741 1450 1788 sedetiam

72 1809 156 1873 ipsi
181 1809 329 1856 Stoici.
358 1810 467 1855 Nam
487 1809 580 1855 istae
600 1809 700 1855 duze
718 1820 846 1855 seetae
866 1811 1182 1873 Epicureorum
1202 1822 1244 1856 et
1270 1812 1445 1858 Stoico—

73 1897 188 1936 rum,
223 1881 335 1926 sieut
364 1880 408 1925 in
440 1880 747 1944 Apostolorum
790 1882 972 1927 Actibus
1008 1882 1205 1942 legimus,
1248 1883 1449 1931 advorsus

73 1950 217 1996 lumen
239 1950 362 1996 Pauli
384 1951 516 1997 nostri
537 1951 677 1997 fumos
704 1969 801 1997 suos
821 1970 934 1998 ausae
954 1964 1052 1998 sunt
1066 1953 1307 2013 jactitare&
1336 1955 1446 2001 Nam

73 2031 114 2065 et
139 2021 272 2066 Stoici
291 2039 331 2066 se
354 2021 606 2067 fortissimos
625 2022 879 2084 pra‘serunt,
903 2034 944 2067 et
966 2040 1053 2068 non
1082 2034 1260 2087 propter
1285 2042 1447 2088 corpo-

72 2092 129 2137 ris
165 2091 458 2154 voluptatem,
501 2092 573 2137 sed
610 2103 790 2156 propter
829 2094 959 2138 animi
994 2094 1223 2150 virtutem,
1254 2094 1444 2158 idipsum

71 2180 157 2208 11011
179 2163 325 2208 timere
342 2173 521 2226 propter
540 2181 623 2208 non
646 2164 792 2209 timere
804 2164 1076 2217 custodiunt,
1102 2165 1242 2228 typho
1263 2167 1440 2225 turgidi,

70 2243 112 2277 et
144 2251 231 2278 non
267 2233 475 2297 sapientia
506 2234 669 2290 sanati,
707 2234 777 2279 50ιί
812 2252 950 2280 errore
982 2235 1140 2282 durati.
1182 2237 1241 2280 Eo
1275 2237 1440 2300 quippe

72 2305 212 2349 minus
245 2304 472 2368 minusque
501 2306 591 2350 sani
621 2316 737 2358 suut,
774 2323 860 2369 quo
895 2317 1102 2366 {egrotum
1138 2307 1327 2352 animum
1360 2327 1379 2353 ;ι
1405 2327 1446 2353 se

70 2374 173 2437 ipsis
197 2375 335 2419 sanari
365 2392 488 2438 posse
516 2376 810 2423 crediderunt.
849 2381 974 2422 Hane
1008 2388 1149 2423 autem
1180 2388 1334 2440 putant
1362 2396 1446 2424 esse

70 2444 198 2489 animi
236 2445 478 2501 sanitatem,
514 2456 561 2491 ut
593 2463 670 2492 nec
697 2447 883 2492 misereri
916 2447 1065 2492 (licant
1088 2447 1244 2492 ‹totu-ro
1270 2449 1444 2511 sapien-

72 2525 170 2562 tem.
216 2515 258 2559 Si
295 2515 407 2560 enim
447 2516 686 2573 miseretur,
728 2518 949 2581 inquiunt,
985 2518 1096 2563 ‹tuh-1
1120 2518 1261 2581 :quod
1300 2531 1441 2564 :nutem

69 2585 202 2639 dolet,
226 2602 375 2631 sanum
398 2598 575 2635 nonest.
604 2590 643 2632 0
664 2588 793 2634 stulta
815 2590 1012 2635 caecitas!
1041 2589 1160 2646 Quid
1179 2590 1211 2636 si
1229 2608 1277 2634 eo
1302 2591 1443 2636 minus

123 2674 218 2706 Ἀεὶ.
233 2685 317 2714 xvxi,
341 2677 392 2709 ιδ.
