1863 3246
207 351 351 381 scano
388 349 572 389 cccmu,
613 350 659 380 m
697 350 771 380 υιΕ
810 350 965 380 οοΤΑν.
1009 350 1270 382 mmmmm.
1347 337 1438 383 335

63 436 85 458 »
106 414 312 462 innocens
339 414 407 461 lac
432 414 753 478 concupiscite3
787 425 834 460 ut
851 415 895 460 in
924 413 997 460 illo
1027 416 1227 461 crescatis
1250 417 1293 462 in
1318 416 1437 463 salu-

62 507 83 526 »
109 495 212 539 tem,
226 486 258 530 si
271 485 468 546 gustastis
485 485 688 547 quoniam
708 484 847 530 dulcis
863 495 924 530 est
941 484 1191 531 Dominusl,
1215 511 1231 526 υ
1247 487 1435 532 Proinde

64 556 164 619 quia
189 556 412 616 gustastis,
445 573 531 600 non
556 566 678 600 testes
695 572 842 600 sumus
869 573 880 600 t
908 572 984 600 nos
1009 555 1132 599 vobis
1151 555 1265 601 hanc
1287 559 1436 602 suavi-

62 635 192 671 tatem
218 626 397 672 nutricis
423 625 564 671 officio
588 625 938 671 ministraximus.
972 625 1094 684 Agite
1117 625 1262 687 itaque
1281 626 1438 672 admo-

60 695 140 740 niti
167 706 327 741 sanctae
357 695 491 741 instar
514 696 726 749 infantiae,
762 695 966 758 deponite
988 694 1199 739 malitiam
1219 732 1229 751 ‚
1257 694 1404 741 dolum
1425 733 1436 750 ‚

4 802 5 807 ,
61 765 353 812 adulationem
373 777 413 812 et
429 766 637 812 invidiam
662 777 703 811 et
722 766 1049 830 detractionem.
1081 766 1205 811 Hanc
1227 766 1440 812 innocen-

62 835 166 881 tiam
189 836 250 882 sic
278 854 418 882 uentre
443 836 632 892 dehetis,
661 847 709 882 ut
734 853 826 881 eam
847 835 1078 881 crescendo
1102 852 1188 880 non
1211 836 1431 884 amittatis.

63 904 182 961 Quid
203 916 266 951 est
287 907 468 962 malitia,
497 907 577 952 nisi
601 906 783 952 nocendi
809 909 957 951 amor?
976 905 1093 961 Quid
1114 917 1174 950 ‹·st
1199 905 1340 955 dolus,
1361 908 1439 952 nisi

61 973 178 1020 aliud
211 993 333 1035 agere
365 987 407 1021 et
440 976 556 1022 aliud
586 976 819 1021 simulare?
857 975 974 1032 Quid
1010 986 1070 1020 est
1105 975 1297 1021 adulatio
1317 1013 1327 1029 ‚
1356 977 1436 1022 nisi

59 1043 204 1090 fallaci
224 1045 352 1092 laude
371 1046 600 1093 seductio?
628 1046 748 1104 Quid
768 1057 829 1092 est
849 1046 1029 1102 invidia,
1063 1046 1143 1091 nisi
1163 1045 1310 1091 odium
1335 1047 1434 1091 feli-

61 1114 204 1160 citatis
226 1115 541 1169 alie11ae2³‹,›uid
562 1128 622 1162 est
651 1117 878 1169 detractio,
905 1117 984 1162 nisi
1014 1115 1275 1171 mordacior,
1305 1134 1436 1180 quam

59 1185 254 1231 veracior
291 1186 598 1249 reprehensio?
644 1186 804 1232 Malitia
846 1186 958 1231 malo
992 1185 1231 1231 delectatur
1258 1185 1433 1231 alieno:

60 1253 297 1300 invidentia
317 1267 359 1301 et
380 1256 495 1301 hono
518 1256 739 1302 cruciatur
759 1256 895 1301 alieno
917 1273 926 1300 :
954 1255 1078 1301 dolus
1103 1255 1302 1318 duplicat
1325 1273 1400 1301 cor
1422 1275 1432 1301 z

63 1323 255 1371 adulatio
289 1325 488 1390 duplicat
523 1326 714 1386 linguam
743 1344 754 1372 ι
785 1327 994 1372 detractio
1033 1325 1231 1371 vulnerat
1255 1326 1430 1375 famam.

63 1393 206 1454 Ilujus
225 1406 367 1441 autem
389 1407 539 1443 vestrae
564 1397 808 1442 innocentia
834 1396 1091 1444 sanctitatis,
1119 1397 1323 1458 qnoniam
1350 1398 1438 1442 filia

62 1474 123 1509 est
146 1465 371 1512 charitatis
391 1485 401 1511 :
427 1489 446 1507 (ι
464 1469 561 1512 Non
585 1467 744 1526 gaudet
771 1485 939 1530 semper
962 1467 1190 1528 iniquitate
1208 1504 1219 1522 ‚
1241 1484 1436 1527 congau-

63 1555 83 1576 »
107 1533 334 1581 (letantem
353 1538 522 1583 veritati
537 1538 570 1584 ‘-’.
598 1560 617 1578 »
642 1537 831 1600 Simplex
852 1547 898 1582 nt
916 1537 1139 1591 columba,
1161 1538 1277 1582 etsie
1298 1549 1437 1583 astuta

63 1616 110 1651 ut
136 1622 330 1670 serpens,
356 1625 443 1653 non
471 1608 613 1654 studio
647 1608 854 1661 nocendi,
885 1607 957 1652 sed
980 1618 1202 1652 nocentem
1233 1608 1429 1654 cavendi.

63 1674 132 1721 Ah
157 1675 272 1722 hanc
296 1694 369 1724 vos
386 1678 600 1724 exhortor.
629 1699 647 1717 «
675 1678 847 1723 Talium
870 1689 930 1723 est
954 1678 1067 1722 enim
1094 1695 1271 1737 regnum
1296 1678 1438 1723 coelo-

62 1766 84 1787 2>
108 1762 206 1791 rum
226 1746 261 1802 3,
292 1770 311 1789 »
338 1747 569 1794 humilium
592 1747 771 1801 scilicet,
799 1748 884 1793 hoc
902 1758 981 1802 est,
1003 1747 1253 1811 spiritaliter
1272 1765 1439 1811 parvu-

59 1814 216 1864 lorum.
248 1818 341 1863 Non
360 1819 662 1874 contemnatis,
684 1836 770 1863 non
792 1818 1077 1864 abhorreatis.
1105 1819 1358 1877 Magnorum
1381 1829 1442 1864 est

60 1886 139 1933 ista
164 1887 388 1950 pusillitas.
421 1890 635 1952 Superbia
661 1906 762 1935 vero
790 1889 915 1934 fallax
943 1889 1214 1934 intirmorum
1237 1900 1296 1933 est
1324 1906 1440 1949 mag·-

57 1957 242 2011 'nitudo;
281 1976 381 2021 quae
410 1960 487 2005 ubi
522 1970 706 2005 mentem
736 1959 967 2022 possederit
988 1996 998 2007 .
1033 1959 1235 2017 erigendo
1266 1959 1439 2018 dejicit,

61 2027 256 2074 inssando
279 2041 477 2083 evacuat,
501 2029 787 2074 distendendo
816 2029 1008 2091 dissipat.
1036 2028 1222 2073 Humilis
1244 2044 1330 2072 esse
1356 2045 1442 2073 non

62 2108 202 2160 potest
226 2115 400 2148 nocens.
425 2099 637 2162 superbus
663 2116 853 2144 essenon
882 2108 1017 2161 potest
1039 2098 1258 2143 innocens.
1286 2098 1440 2142 Ilumi—

63 2167 224 2215 litatem
248 2168 363 2214 illam
396 2170 567 2232 loquor,
587 2186 687 2231 quae
713 2186 796 2214 non
824 2168 913 2214 vult
943 2168 1146 2231 perituris
1170 2167 1442 2212 relmsexeel-

62 2237 165 2291 lere,
188 2239 259 2284 sed
285 2250 492 2286 aeternum
516 2239 679 2302 aliquid
701 2241 907 2285 veraciter
931 2239 1109 2297 cogitat,
1133 2255 1220 2300 quo
1247 2255 1330 2283 non
1356 2237 1442 2283 suis

63 2308 245 2363 viribus,
281 2309 351 2355 sed
384 2310 532 2370 adjuta
564 2310 801 2372 perveniat.
840 2310 946 2354 Ilaec
990 2308 1149 2354 malum
1186 2312 1443 2370 cujusquam

64 2377 172 2424 velle
202 2394 286 2423 non
315 2389 478 2441 potest,
510 2395 598 2441 quo
627 2396 897 2441 nequaquam
933 2379 1097 2423 bonum
1130 2381 1220 2435 ejus
1246 2388 1437 2436 augetur.

66 2448 201 2494 Porro
241 2458 381 2494 autem
422 2448 621 2512 superbia
661 2450 868 2494 csmtinuo
914 2449 1020 2511 parit
1068 2448 1291 2493 invidiam.
1337 2447 1444 2501 Quis

65 2534 165 2565 vero
200 2517 254 2565 sit
292 2517 494 2573 invidus,
526 2516 602 2583 qui
631 2537 715 2566 non
748 2519 783 2564 ‹·i
816 2518 974 2564 nntium
1007 2518 1136 2566 volit.
1178 2520 1302 2575 cujus
1331 2517 1444 2562 Ιιυιιο

66 2587 287 2637 cruciatur
305 2591 323 2634 '1‘
352 2588 465 2648 Ergo
484 2601 525 2637 et
543 2590 708 2639 invidia
728 2589 843 2653 parit
873 2598 1184 2650 consequenter
1209 2586 1413 2634 malitiam
1435 2603 1446 2630 ε

116 2675 125 2696 ¹
150 2687 160 2705 ι
184 2678 270 2709 Pete.
291 2687 332 2718 ιι,
359 2678 493 2710 1-3.—-
513 2678 527 2700 ¹1
548 2691 557 2709 ι
578 2680 652 2713 Cor,
677 2689 728 2718 xv,
746 2679 779 2712 ti,
794 2694 840 2703 -—
857 2674 873 2700 ³
895 2677 1008 2708 Matth.
1031 2687 1098 2718 nx,
1122 2683 1171 2712 ¹4.
