<?xml version="1.0" encoding="UTF-8"?>
<!DOCTYPE html PUBLIC "-//W3C//DTD XHTML 1.0 Transitional//EN"
    "http://www.w3.org/TR/xhtml1/DTD/xhtml1-transitional.dtd">
<html xmlns="http://www.w3.org/1999/xhtml" xml:lang="en" lang="en">
 <head>
  <title>
</title>
<meta http-equiv="Content-Type" content="text/html;charset=utf-8" />
  <meta name='ocr-system' content='tesseract 3.04.00' />
  <meta name='ocr-capabilities' content='ocr_page ocr_carea ocr_par ocr_line ocrx_word'/>
</head>
<body>
  <div class='ocr_page' id='page_1' title='image "./operaomniaaccura21auguuoft_0092.png"; bbox 0 0 1999 3282; ppageno 0'>
   <div class='ocr_carea' id='block_1_1' title="bbox 544 283 1510 346">
    <p class='ocr_par' dir='ltr' id='par_1_1' title="bbox 544 283 1510 346">
     <span class='ocr_line' id='line_1_1' title="bbox 544 283 1510 346; baseline 0.006 -25"><span class='ocrx_word' id='word_1_1' title='bbox 544 283 611 346; x_wconf 72' lang='lat'>73&#39;</span> <span class='ocrx_word' id='word_1_2' title='bbox 810 298 814 299; x_wconf 46' lang='lat'><em>⁷</em></span> <span class='ocrx_word' id='word_1_3' title='bbox 959 297 994 328; x_wconf 87' lang='lat' dir='ltr'>s.</span> <span class='ocrx_word' id='word_1_4' title='bbox 1035 296 1276 327; x_wconf 73' lang='lat' dir='ltr'>Auensrim</span> <span class='ocrx_word' id='word_1_5' title='bbox 1312 296 1510 327; x_wconf 70' lang='lat' dir='ltr'>muscori</span> 
     </span>
    </p>
   </div>
   <div class='ocr_carea' id='block_1_2' title="bbox 539 358 1917 2613">
    <p class='ocr_par' dir='ltr' id='par_1_2' title="bbox 539 358 1917 2117">
     <span class='ocr_line' id='line_1_2' title="bbox 539 358 1899 418; baseline 0 -10"><span class='ocrx_word' id='word_1_6' title='bbox 539 361 695 409; x_wconf 81' lang='lat' dir='ltr'>saeculo</span> <span class='ocrx_word' id='word_1_7' title='bbox 724 361 885 407; x_wconf 86' lang='lat' dir='ltr'>animas</span> <span class='ocrx_word' id='word_1_8' title='bbox 911 360 1242 408; x_wconf 79' lang='lat' dir='ltr'>vestrasznolite</span> <span class='ocrx_word' id='word_1_9' title='bbox 1270 378 1438 418; x_wconf 86' lang='lat' dir='ltr'>amare,</span> <span class='ocrx_word' id='word_1_10' title='bbox 1469 363 1503 407; x_wconf 87' lang='lat' dir='ltr'>si</span> <span class='ocrx_word' id='word_1_11' title='bbox 1529 358 1706 417; x_wconf 79' lang='lat' dir='ltr'>amatis3</span> <span class='ocrx_word' id='word_1_12' title='bbox 1738 373 1786 408; x_wconf 90' lang='lat' dir='ltr'>ut</span> <span class='ocrx_word' id='word_1_13' title='bbox 1812 379 1899 408; x_wconf 89' lang='lat' dir='ltr'>non</span> 
     </span>
     <span class='ocr_line' id='line_1_3' title="bbox 541 431 1901 496; baseline 0 -18"><span class='ocrx_word' id='word_1_14' title='bbox 541 432 726 495; x_wconf 82' lang='lat' dir='ltr'>amando</span> <span class='ocrx_word' id='word_1_15' title='bbox 756 432 951 486; x_wconf 85' lang='lat' dir='ltr'>servetis;</span> <span class='ocrx_word' id='word_1_16' title='bbox 984 432 1085 496; x_wconf 83' lang='lat' dir='ltr'>quia</span> <span class='ocrx_word' id='word_1_17' title='bbox 1110 449 1198 478; x_wconf 92' lang='lat' dir='ltr'>non</span> <span class='ocrx_word' id='word_1_18' title='bbox 1230 432 1414 477; x_wconf 85' lang='lat' dir='ltr'>amando</span> <span class='ocrx_word' id='word_1_19' title='bbox 1449 431 1547 495; x_wconf 84' lang='lat' dir='ltr'>plus</span> <span class='ocrx_word' id='word_1_20' title='bbox 1581 432 1743 480; x_wconf 83' lang='lat' dir='ltr'>amatis.</span> <span class='ocrx_word' id='word_1_21' title='bbox 1773 433 1901 490; x_wconf 84' lang='lat' dir='ltr'>«Qui</span> 
     </span>
     <span class='ocr_line' id='line_1_4' title="bbox 542 501 1904 565; baseline 0.001 -19"><span class='ocrx_word' id='word_1_22' title='bbox 542 525 563 546; x_wconf 89' lang='lat'>&gt;)</span> <span class='ocrx_word' id='word_1_23' title='bbox 585 513 699 549; x_wconf 82' lang='lat' dir='ltr'>amat</span> <span class='ocrx_word' id='word_1_24' title='bbox 716 504 762 549; x_wconf 90' lang='lat' dir='ltr'>in</span> <span class='ocrx_word' id='word_1_25' title='bbox 779 503 865 549; x_wconf 87' lang='lat' dir='ltr'>hoc</span> <span class='ocrx_word' id='word_1_26' title='bbox 884 503 1041 549; x_wconf 81' lang='lat' dir='ltr'>saeculo</span> <span class='ocrx_word' id='word_1_27' title='bbox 1061 502 1244 548; x_wconf 84' lang='lat' dir='ltr'>animam</span> <span class='ocrx_word' id='word_1_28' title='bbox 1260 519 1397 558; x_wconf 82' lang='lat' dir='ltr'>suam,</span> <span class='ocrx_word' id='word_1_29' title='bbox 1424 501 1575 565; x_wconf 83' lang='lat' dir='ltr'>perdet</span> <span class='ocrx_word' id='word_1_30' title='bbox 1592 520 1684 548; x_wconf 85' lang='lat' dir='ltr'>eam</span> <span class='ocrx_word' id='word_1_31' title='bbox 1699 502 1732 550; x_wconf 66' lang='lat'>4.</span> <span class='ocrx_word' id='word_1_32' title='bbox 1754 524 1774 545; x_wconf 85' lang='lat'>»</span> <span class='ocrx_word' id='word_1_33' title='bbox 1790 503 1904 548; x_wconf 87' lang='lat' dir='ltr'>Gra-</span> 
     </span>
     <span class='ocr_line' id='line_1_5' title="bbox 541 573 1903 638; baseline -0.002 -17"><span class='ocrx_word' id='word_1_34' title='bbox 541 591 646 621; x_wconf 91' lang='lat' dir='ltr'>num</span> <span class='ocrx_word' id='word_1_35' title='bbox 662 573 868 638; x_wconf 86' lang='lat' dir='ltr'>loquitur,</span> <span class='ocrx_word' id='word_1_36' title='bbox 892 592 1070 636; x_wconf 78' lang='lat' dir='ltr'>granum</span> <span class='ocrx_word' id='word_1_37' title='bbox 1090 573 1207 637; x_wconf 86' lang='lat' dir='ltr'>quod</span> <span class='ocrx_word' id='word_1_38' title='bbox 1225 573 1439 619; x_wconf 89' lang='lat' dir='ltr'>interram</span> <span class='ocrx_word' id='word_1_39' title='bbox 1453 573 1628 630; x_wconf 86' lang='lat' dir='ltr'>cecidit,</span> <span class='ocrx_word' id='word_1_40' title='bbox 1651 584 1694 620; x_wconf 92' lang='lat' dir='ltr'>et</span> <span class='ocrx_word' id='word_1_41' title='bbox 1715 573 1903 620; x_wconf 89' lang='lat' dir='ltr'>mortifi-</span> 
     </span>
     <span class='ocr_line' id='line_1_6' title="bbox 543 641 1904 708; baseline -0.001 -17"><span class='ocrx_word' id='word_1_42' title='bbox 543 655 688 692; x_wconf 83' lang='lat' dir='ltr'>catum</span> <span class='ocrx_word' id='word_1_43' title='bbox 703 655 764 690; x_wconf 87' lang='lat' dir='ltr'>est</span> <span class='ocrx_word' id='word_1_44' title='bbox 777 656 825 690; x_wconf 91' lang='lat' dir='ltr'>ut</span> <span class='ocrx_word' id='word_1_45' title='bbox 837 644 1214 708; x_wconf 76' lang='lat' dir='ltr'>multiplicaretur,</span> <span class='ocrx_word' id='word_1_46' title='bbox 1234 641 1426 707; x_wconf 89' lang='lat' dir='ltr'>loquitur</span> <span class='ocrx_word' id='word_1_47' title='bbox 1440 661 1450 688; x_wconf 88' lang='lat'>:</span> <span class='ocrx_word' id='word_1_48' title='bbox 1467 643 1683 700; x_wconf 75' lang='lat' dir='ltr'>audiatur,</span> <span class='ocrx_word' id='word_1_49' title='bbox 1702 644 1803 707; x_wconf 88' lang='lat' dir='ltr'>quia</span> <span class='ocrx_word' id='word_1_50' title='bbox 1816 660 1904 689; x_wconf 88' lang='lat' dir='ltr'>non</span> 
     </span>
     <span class='ocr_line' id='line_1_7' title="bbox 543 714 1901 779; baseline -0.001 -17"><span class='ocrx_word' id='word_1_51' title='bbox 543 716 764 763; x_wconf 81' lang='lat' dir='ltr'>mentitur.</span> <span class='ocrx_word' id='word_1_52' title='bbox 788 715 917 773; x_wconf 87' lang='lat' dir='ltr'>Quod</span> <span class='ocrx_word' id='word_1_53' title='bbox 932 715 1172 771; x_wconf 82' lang='lat' dir='ltr'>admonuit,</span> <span class='ocrx_word' id='word_1_54' title='bbox 1190 714 1281 778; x_wconf 88' lang='lat' dir='ltr'>ipse</span> <span class='ocrx_word' id='word_1_55' title='bbox 1299 714 1426 759; x_wconf 86' lang='lat' dir='ltr'>fecit:</span> <span class='ocrx_word' id='word_1_56' title='bbox 1445 714 1641 760; x_wconf 79' lang='lat' dir='ltr'>instruxit</span> <span class='ocrx_word' id='word_1_57' title='bbox 1662 724 1901 779; x_wconf 76' lang='lat' dir='ltr'>praecepto,</span> 
     </span>
     <span class='ocr_line' id='line_1_8' title="bbox 544 784 1906 850; baseline -0.001 -18"><span class='ocrx_word' id='word_1_58' title='bbox 544 786 762 850; x_wconf 74' lang='lat' dir='ltr'>praecessit</span> <span class='ocrx_word' id='word_1_59' title='bbox 783 785 987 850; x_wconf 75' lang='lat' dir='ltr'>exemplo.</span> <span class='ocrx_word' id='word_1_60' title='bbox 1020 787 1116 831; x_wconf 75' lang='lat' dir='ltr'>Non</span> <span class='ocrx_word' id='word_1_61' title='bbox 1143 784 1303 831; x_wconf 84' lang='lat' dir='ltr'>amavit</span> <span class='ocrx_word' id='word_1_62' title='bbox 1336 784 1535 830; x_wconf 83' lang='lat' dir='ltr'>Christus</span> <span class='ocrx_word' id='word_1_63' title='bbox 1561 785 1607 830; x_wconf 92' lang='lat' dir='ltr'>in</span> <span class='ocrx_word' id='word_1_64' title='bbox 1638 785 1724 831; x_wconf 86' lang='lat' dir='ltr'>hoe</span> <span class='ocrx_word' id='word_1_65' title='bbox 1749 784 1906 831; x_wconf 82' lang='lat' dir='ltr'>saeculo</span> 
     </span>
     <span class='ocr_line' id='line_1_9' title="bbox 545 855 1907 919; baseline -0.001 -17"><span class='ocrx_word' id='word_1_66' title='bbox 545 857 731 903; x_wconf 84' lang='lat' dir='ltr'>animam</span> <span class='ocrx_word' id='word_1_67' title='bbox 748 874 867 902; x_wconf 86' lang='lat' dir='ltr'>suam</span> <span class='ocrx_word' id='word_1_68' title='bbox 882 877 893 910; x_wconf 90' lang='lat'>;</span> <span class='ocrx_word' id='word_1_69' title='bbox 911 856 1007 902; x_wconf 87' lang='lat' dir='ltr'>ideo</span> <span class='ocrx_word' id='word_1_70' title='bbox 1024 857 1157 912; x_wconf 76' lang='lat' dir='ltr'>venit,</span> <span class='ocrx_word' id='word_1_71' title='bbox 1180 866 1225 901; x_wconf 88' lang='lat' dir='ltr'>ut</span> <span class='ocrx_word' id='word_1_72' title='bbox 1244 855 1318 901; x_wconf 83' lang='lat' dir='ltr'>hie</span> <span class='ocrx_word' id='word_1_73' title='bbox 1334 855 1530 919; x_wconf 87' lang='lat' dir='ltr'>perderet</span> <span class='ocrx_word' id='word_1_74' title='bbox 1549 873 1659 912; x_wconf 80' lang='lat' dir='ltr'>eam,</span> <span class='ocrx_word' id='word_1_75' title='bbox 1680 873 1760 919; x_wconf 90' lang='lat' dir='ltr'>pro</span> <span class='ocrx_word' id='word_1_76' title='bbox 1778 855 1907 900; x_wconf 87' lang='lat' dir='ltr'>nobis</span> 
     </span>
     <span class='ocr_line' id='line_1_10' title="bbox 546 925 1908 992; baseline -0.002 -18"><span class='ocrx_word' id='word_1_77' title='bbox 546 938 724 992; x_wconf 89' lang='lat' dir='ltr'>poneret</span> <span class='ocrx_word' id='word_1_78' title='bbox 746 945 856 985; x_wconf 85' lang='lat' dir='ltr'>eain,</span> <span class='ocrx_word' id='word_1_79' title='bbox 881 939 924 973; x_wconf 93' lang='lat' dir='ltr'>et</span> <span class='ocrx_word' id='word_1_80' title='bbox 940 944 1041 973; x_wconf 89' lang='lat' dir='ltr'>cum</span> <span class='ocrx_word' id='word_1_81' title='bbox 1064 926 1190 973; x_wconf 89' lang='lat' dir='ltr'>vellet</span> <span class='ocrx_word' id='word_1_82' title='bbox 1214 937 1444 972; x_wconf 79' lang='lat' dir='ltr'>resumeret</span> <span class='ocrx_word' id='word_1_83' title='bbox 1460 944 1567 973; x_wconf 83' lang='lat' dir='ltr'>eam.</span> <span class='ocrx_word' id='word_1_84' title='bbox 1597 925 1680 971; x_wconf 83' lang='lat' dir='ltr'>Sed</span> <span class='ocrx_word' id='word_1_85' title='bbox 1701 926 1801 989; x_wconf 85' lang='lat' dir='ltr'>quia</span> <span class='ocrx_word' id='word_1_86' title='bbox 1818 926 1908 989; x_wconf 87' lang='lat' dir='ltr'>ipse</span> 
     </span>
     <span class='ocr_line' id='line_1_11' title="bbox 546 997 1909 1055; baseline -0.001 -11"><span class='ocrx_word' id='word_1_87' title='bbox 546 997 607 1044; x_wconf 88' lang='lat' dir='ltr'>sic</span> <span class='ocrx_word' id='word_1_88' title='bbox 628 1009 718 1044; x_wconf 87' lang='lat' dir='ltr'>erat</span> <span class='ocrx_word' id='word_1_89' title='bbox 741 999 890 1055; x_wconf 89' lang='lat' dir='ltr'>homo,</span> <span class='ocrx_word' id='word_1_90' title='bbox 923 1008 971 1043; x_wconf 85' lang='lat' dir='ltr'>ut</span> <span class='ocrx_word' id='word_1_91' title='bbox 993 1008 1034 1043; x_wconf 86' lang='lat' dir='ltr'>et</span> <span class='ocrx_word' id='word_1_92' title='bbox 1059 999 1173 1042; x_wconf 89' lang='lat' dir='ltr'>Deus</span> <span class='ocrx_word' id='word_1_93' title='bbox 1195 1008 1300 1042; x_wconf 82' lang='lat' dir='ltr'>esset</span> <span class='ocrx_word' id='word_1_94' title='bbox 1323 1014 1333 1041; x_wconf 77' lang='lat' dir='ltr'>t</span> <span class='ocrx_word' id='word_1_95' title='bbox 1359 997 1558 1042; x_wconf 86' lang='lat' dir='ltr'>Christus</span> <span class='ocrx_word' id='word_1_96' title='bbox 1582 998 1695 1042; x_wconf 90' lang='lat' dir='ltr'>enim</span> <span class='ocrx_word' id='word_1_97' title='bbox 1717 1008 1778 1042; x_wconf 88' lang='lat' dir='ltr'>est</span> <span class='ocrx_word' id='word_1_98' title='bbox 1801 997 1909 1042; x_wconf 88' lang='lat' dir='ltr'>Ver—</span> 
     </span>
     <span class='ocr_line' id='line_1_12' title="bbox 547 1067 1910 1125; baseline -0.001 -12"><span class='ocrx_word' id='word_1_99' title='bbox 547 1067 673 1125; x_wconf 89' lang='lat' dir='ltr'>bum,</span> <span class='ocrx_word' id='word_1_100' title='bbox 694 1069 852 1125; x_wconf 82' lang='lat' dir='ltr'>anima,</span> <span class='ocrx_word' id='word_1_101' title='bbox 872 1079 913 1113; x_wconf 91' lang='lat' dir='ltr'>et</span> <span class='ocrx_word' id='word_1_102' title='bbox 928 1084 1044 1121; x_wconf 75' lang='lat' dir='ltr'>caro,</span> <span class='ocrx_word' id='word_1_103' title='bbox 1063 1068 1176 1112; x_wconf 89' lang='lat' dir='ltr'>Deus</span> <span class='ocrx_word' id='word_1_104' title='bbox 1188 1084 1313 1113; x_wconf 87' lang='lat' dir='ltr'>verus</span> <span class='ocrx_word' id='word_1_105' title='bbox 1326 1078 1368 1112; x_wconf 90' lang='lat' dir='ltr'>et</span> <span class='ocrx_word' id='word_1_106' title='bbox 1380 1084 1502 1113; x_wconf 87' lang='lat' dir='ltr'>verus</span> <span class='ocrx_word' id='word_1_107' title='bbox 1516 1068 1673 1121; x_wconf 88' lang='lat' dir='ltr'>homo;</span> <span class='ocrx_word' id='word_1_108' title='bbox 1694 1067 1764 1113; x_wconf 88' lang='lat' dir='ltr'>sed</span> <span class='ocrx_word' id='word_1_109' title='bbox 1780 1067 1910 1112; x_wconf 90' lang='lat' dir='ltr'>homo</span> 
     </span>
     <span class='ocr_line' id='line_1_13' title="bbox 549 1137 1912 1202; baseline -0.001 -19"><span class='ocrx_word' id='word_1_110' title='bbox 549 1139 637 1184; x_wconf 76' lang='lat' dir='ltr'>sine</span> <span class='ocrx_word' id='word_1_111' title='bbox 659 1146 856 1202; x_wconf 74' lang='lat' dir='ltr'>peccato,</span> <span class='ocrx_word' id='word_1_112' title='bbox 882 1138 957 1200; x_wconf 84' lang='lat' dir='ltr'>qui</span> <span class='ocrx_word' id='word_1_113' title='bbox 976 1137 1160 1183; x_wconf 79' lang='lat' dir='ltr'>auferret</span> <span class='ocrx_word' id='word_1_114' title='bbox 1180 1137 1333 1183; x_wconf 91' lang='lat' dir='ltr'>mundi</span> <span class='ocrx_word' id='word_1_115' title='bbox 1353 1148 1581 1202; x_wconf 85' lang='lat' dir='ltr'>peccatum</span> <span class='ocrx_word' id='word_1_116' title='bbox 1596 1156 1606 1182; x_wconf 91' lang='lat'>:</span> <span class='ocrx_word' id='word_1_117' title='bbox 1622 1138 1795 1197; x_wconf 84' lang='lat' dir='ltr'>majoris</span> <span class='ocrx_word' id='word_1_118' title='bbox 1822 1148 1912 1183; x_wconf 87' lang='lat' dir='ltr'>erat</span> 
     </span>
     <span class='ocr_line' id='line_1_14' title="bbox 552 1207 1912 1273; baseline -0.001 -19"><span class='ocrx_word' id='word_1_119' title='bbox 552 1209 699 1272; x_wconf 79' lang='lat' dir='ltr'>utique</span> <span class='ocrx_word' id='word_1_120' title='bbox 718 1209 955 1273; x_wconf 82' lang='lat' dir='ltr'>potestatis,</span> <span class='ocrx_word' id='word_1_121' title='bbox 983 1219 1030 1254; x_wconf 89' lang='lat' dir='ltr'>ut</span> <span class='ocrx_word' id='word_1_122' title='bbox 1049 1219 1190 1272; x_wconf 81' lang='lat' dir='ltr'>posset</span> <span class='ocrx_word' id='word_1_123' title='bbox 1206 1208 1413 1255; x_wconf 80' lang='lat' dir='ltr'>veraciter</span> <span class='ocrx_word' id='word_1_124' title='bbox 1429 1207 1596 1254; x_wconf 83' lang='lat' dir='ltr'>dicere:</span> <span class='ocrx_word' id='word_1_125' title='bbox 1615 1230 1635 1252; x_wconf 74' lang='lat' dir='ltr'>c&lt;</span> <span class='ocrx_word' id='word_1_126' title='bbox 1657 1212 1912 1253; x_wconf 84' lang='lat' dir='ltr'>l&#39;otestatem</span> 
     </span>
     <span class='ocr_line' id='line_1_15' title="bbox 547 1277 1912 1343; baseline -0.001 -18"><span class='ocrx_word' id='word_1_127' title='bbox 547 1279 727 1325; x_wconf 57' lang='lat' dir='ltr'>»liabeo</span> <span class='ocrx_word' id='word_1_128' title='bbox 760 1278 950 1343; x_wconf 87' lang='lat' dir='ltr'>ponendi</span> <span class='ocrx_word' id='word_1_129' title='bbox 983 1279 1170 1325; x_wconf 75' lang='lat' dir='ltr'>animam</span> <span class='ocrx_word' id='word_1_130' title='bbox 1203 1296 1339 1325; x_wconf 88' lang='lat' dir='ltr'>meam</span> <span class='ocrx_word' id='word_1_131' title='bbox 1360 1317 1370 1335; x_wconf 74' lang='lat'>,</span> <span class='ocrx_word' id='word_1_132' title='bbox 1407 1290 1448 1324; x_wconf 85' lang='lat' dir='ltr'>et</span> <span class='ocrx_word' id='word_1_133' title='bbox 1480 1289 1736 1343; x_wconf 83' lang='lat' dir='ltr'>potestatem</span> <span class='ocrx_word' id='word_1_134' title='bbox 1770 1277 1912 1324; x_wconf 83' lang='lat' dir='ltr'>habeo</span> 
     </span>
     <span class='ocr_line' id='line_1_16' title="bbox 547 1347 1913 1412; baseline -0.001 -17"><span class='ocrx_word' id='word_1_135' title='bbox 547 1368 569 1394; x_wconf 64' lang='lat' dir='ltr'>a</span> <span class='ocrx_word' id='word_1_136' title='bbox 587 1351 742 1396; x_wconf 76' lang='lat' dir='ltr'>iterum&#39;</span> <span class='ocrx_word' id='word_1_137' title='bbox 770 1350 966 1396; x_wconf 69' lang='lat' dir='ltr'>sumendi</span> <span class='ocrx_word' id='word_1_138' title='bbox 994 1363 1253 1395; x_wconf 73' lang='lat' dir='ltr'>‘eammemo</span> <span class='ocrx_word' id='word_1_139' title='bbox 1283 1349 1396 1395; x_wconf 91' lang='lat' dir='ltr'>tollit</span> <span class='ocrx_word' id='word_1_140' title='bbox 1425 1367 1517 1396; x_wconf 87' lang='lat' dir='ltr'>eam</span> <span class='ocrx_word' id='word_1_141' title='bbox 1542 1368 1565 1395; x_wconf 89' lang='lat' dir='ltr'>a</span> <span class='ocrx_word' id='word_1_142' title='bbox 1588 1366 1683 1403; x_wconf 81' lang='lat' dir='ltr'>me3</span> <span class='ocrx_word' id='word_1_143' title='bbox 1719 1348 1791 1394; x_wconf 90' lang='lat' dir='ltr'>sed</span> <span class='ocrx_word' id='word_1_144' title='bbox 1819 1347 1913 1412; x_wconf 83' lang='lat' dir='ltr'>ipse</span> 
     </span>
     <span class='ocr_line' id='line_1_17' title="bbox 548 1422 1913 1487; baseline -0.002 -18"><span class='ocrx_word' id='word_1_145' title='bbox 548 1440 570 1465; x_wconf 69' lang='lat'>³&gt;</span> <span class='ocrx_word' id='word_1_146' title='bbox 589 1429 705 1487; x_wconf 68' lang='lat' dir='ltr'>‘pono</span> <span class='ocrx_word' id='word_1_147' title='bbox 729 1436 822 1468; x_wconf 84' lang='lat' dir='ltr'>eam</span> <span class='ocrx_word' id='word_1_148' title='bbox 837 1440 860 1468; x_wconf 87' lang='lat' dir='ltr'>a</span> <span class='ocrx_word' id='word_1_149' title='bbox 875 1432 960 1479; x_wconf 80' lang='lat' dir='ltr'>me,</span> <span class='ocrx_word' id='word_1_150' title='bbox 985 1432 1027 1467; x_wconf 89' lang='lat' dir='ltr'>et</span> <span class='ocrx_word' id='word_1_151' title='bbox 1050 1422 1202 1467; x_wconf 76' lang='lat' dir='ltr'>iterum</span> <span class='ocrx_word' id='word_1_152' title='bbox 1222 1439 1343 1467; x_wconf 90' lang='lat' dir='ltr'>sumo</span> <span class='ocrx_word' id='word_1_153' title='bbox 1360 1439 1452 1467; x_wconf 84' lang='lat' dir='ltr'>eam</span> <span class='ocrx_word' id='word_1_154' title='bbox 1466 1422 1499 1468; x_wconf 79' lang='lat'>2.</span> <span class='ocrx_word' id='word_1_155' title='bbox 1527 1444 1546 1463; x_wconf 77' lang='lat'>›&gt;</span> <span class='ocrx_word' id='word_1_156' title='bbox 1565 1423 1676 1466; x_wconf 89' lang='lat' dir='ltr'>Cum</span> <span class='ocrx_word' id='word_1_157' title='bbox 1693 1431 1798 1466; x_wconf 85' lang='lat' dir='ltr'>esset</span> <span class='ocrx_word' id='word_1_158' title='bbox 1816 1437 1913 1480; x_wconf 84' lang='lat' dir='ltr'>ergo</span> 
     </span>
     <span class='ocr_line' id='line_1_18' title="bbox 547 1490 1915 1558; baseline -0.002 -19"><span class='ocrx_word' id='word_1_159' title='bbox 547 1499 679 1540; x_wconf 70' lang='lat' dir='ltr'>tantae</span> <span class='ocrx_word' id='word_1_160' title='bbox 701 1493 923 1558; x_wconf 75' lang='lat' dir='ltr'>potestatis</span> <span class='ocrx_word' id='word_1_161' title='bbox 938 1530 949 1548; x_wconf 93' lang='lat'>,</span> <span class='ocrx_word' id='word_1_162' title='bbox 979 1509 1110 1556; x_wconf 81' lang='lat' dir='ltr'>quare</span> <span class='ocrx_word' id='word_1_163' title='bbox 1135 1492 1240 1538; x_wconf 81' lang='lat' dir='ltr'>dixit</span> <span class='ocrx_word' id='word_1_164' title='bbox 1257 1511 1267 1537; x_wconf 76' lang='grc' dir='ltr'>ι</span> <span class='ocrx_word' id='word_1_165' title='bbox 1283 1514 1302 1533; x_wconf 86' lang='lat'>«</span> <span class='ocrx_word' id='word_1_166' title='bbox 1317 1494 1443 1537; x_wconf 74' lang='lat' dir='ltr'>Nune</span> <span class='ocrx_word' id='word_1_167' title='bbox 1467 1493 1607 1537; x_wconf 86' lang='lat' dir='ltr'>anima</span> <span class='ocrx_word' id='word_1_168' title='bbox 1626 1509 1719 1536; x_wconf 86' lang='lat' dir='ltr'>mea</span> <span class='ocrx_word' id='word_1_169' title='bbox 1743 1490 1915 1537; x_wconf 78' lang='lat' dir='ltr'>turbata</span> 
     </span>
     <span class='ocr_line' id='line_1_19' title="bbox 547 1561 1909 1626; baseline 0.001 -21"><span class='ocrx_word' id='word_1_170' title='bbox 547 1577 568 1605; x_wconf 70' lang='lat'>&gt;5</span> <span class='ocrx_word' id='word_1_171' title='bbox 588 1563 708 1609; x_wconf 59' lang='lat' dir='ltr'>estssp</span> <span class='ocrx_word' id='word_1_172' title='bbox 730 1562 910 1609; x_wconf 81' lang='lat' dir='ltr'>»Homo</span> <span class='ocrx_word' id='word_1_173' title='bbox 943 1563 1058 1608; x_wconf 81' lang='lat' dir='ltr'>Deus</span> <span class='ocrx_word' id='word_1_174' title='bbox 1089 1573 1222 1608; x_wconf 82' lang='lat' dir='ltr'>tantae</span> <span class='ocrx_word' id='word_1_175' title='bbox 1268 1562 1487 1626; x_wconf 87' lang='lat' dir='ltr'>potestatis</span> <span class='ocrx_word' id='word_1_176' title='bbox 1523 1578 1654 1625; x_wconf 89' lang='lat' dir='ltr'>quare</span> <span class='ocrx_word' id='word_1_177' title='bbox 1688 1561 1909 1618; x_wconf 78' lang='lat' dir='ltr'>turbatur,</span> 
     </span>
     <span class='ocr_line' id='line_1_20' title="bbox 550 1632 1915 1697; baseline -0.002 -18"><span class='ocrx_word' id='word_1_178' title='bbox 550 1634 632 1681; x_wconf 77' lang='lat' dir='ltr'>nisi</span> <span class='ocrx_word' id='word_1_179' title='bbox 648 1633 749 1697; x_wconf 71' lang='lat' dir='ltr'>quia</span> <span class='ocrx_word' id='word_1_180' title='bbox 766 1633 811 1678; x_wconf 80' lang='lat' dir='ltr'>in</span> <span class='ocrx_word' id='word_1_181' title='bbox 825 1632 900 1679; x_wconf 83' lang='lat' dir='ltr'>illo</span> <span class='ocrx_word' id='word_1_182' title='bbox 913 1633 1053 1693; x_wconf 82' lang='lat' dir='ltr'>imago</span> <span class='ocrx_word' id='word_1_183' title='bbox 1068 1639 1129 1678; x_wconf 84' lang='lat' dir='ltr'>est</span> <span class='ocrx_word' id='word_1_184' title='bbox 1143 1643 1299 1679; x_wconf 83' lang='lat' dir='ltr'>nostrae</span> <span class='ocrx_word' id='word_1_185' title='bbox 1313 1632 1602 1678; x_wconf 68' lang='lat' dir='ltr'>infirmitatis?</span> <span class='ocrx_word' id='word_1_186' title='bbox 1623 1654 1642 1674; x_wconf 75' lang='grc' dir='ltr'>α</span> <span class='ocrx_word' id='word_1_187' title='bbox 1663 1636 1915 1677; x_wconf 78' lang='lat' dir='ltr'>Potestatem</span> 
     </span>
     <span class='ocr_line' id='line_1_21' title="bbox 550 1699 1915 1769; baseline 0 -22"><span class='ocrx_word' id='word_1_188' title='bbox 550 1718 570 1748; x_wconf 61' lang='lat'>5&gt;</span> <span class='ocrx_word' id='word_1_189' title='bbox 590 1704 733 1751; x_wconf 72' lang='lat' dir='ltr'>liabeo</span> <span class='ocrx_word' id='word_1_190' title='bbox 768 1703 960 1769; x_wconf 84' lang='lat' dir='ltr'>ponendi</span> <span class='ocrx_word' id='word_1_191' title='bbox 991 1704 1177 1749; x_wconf 81' lang='lat' dir='ltr'>animam</span> <span class='ocrx_word' id='word_1_192' title='bbox 1210 1717 1347 1749; x_wconf 88' lang='lat' dir='ltr'>meam</span> <span class='ocrx_word' id='word_1_193' title='bbox 1366 1741 1377 1759; x_wconf 77' lang='lat'>,</span> <span class='ocrx_word' id='word_1_194' title='bbox 1416 1715 1457 1748; x_wconf 87' lang='lat' dir='ltr'>et</span> <span class='ocrx_word' id='word_1_195' title='bbox 1489 1713 1742 1767; x_wconf 85' lang='lat' dir='ltr'>potestatem</span> <span class='ocrx_word' id='word_1_196' title='bbox 1774 1699 1915 1749; x_wconf 83' lang='lat' dir='ltr'>habeo</span> 
     </span>
     <span class='ocr_line' id='line_1_22' title="bbox 550 1773 1910 1831; baseline -0.001 -12"><span class='ocrx_word' id='word_1_197' title='bbox 550 1798 571 1819; x_wconf 80' lang='lat'>»-</span> <span class='ocrx_word' id='word_1_198' title='bbox 590 1776 746 1821; x_wconf 73' lang='lat' dir='ltr'>iterum</span> <span class='ocrx_word' id='word_1_199' title='bbox 768 1774 964 1820; x_wconf 82' lang='lat' dir='ltr'>&#39;sumendi</span> <span class='ocrx_word' id='word_1_200' title='bbox 994 1791 1102 1821; x_wconf 85' lang='lat' dir='ltr'>eam.</span> <span class='ocrx_word' id='word_1_201' title='bbox 1135 1796 1155 1816; x_wconf 65' lang='lat'>³&gt;</span> <span class='ocrx_word' id='word_1_202' title='bbox 1183 1774 1371 1831; x_wconf 84' lang='lat' dir='ltr'>Quando</span> <span class='ocrx_word' id='word_1_203' title='bbox 1394 1774 1479 1820; x_wconf 84' lang='lat' dir='ltr'>hoc</span> <span class='ocrx_word' id='word_1_204' title='bbox 1504 1774 1625 1820; x_wconf 90' lang='lat' dir='ltr'>audis</span> <span class='ocrx_word' id='word_1_205' title='bbox 1655 1792 1677 1819; x_wconf 85' lang='lat' dir='ltr'>a</span> <span class='ocrx_word' id='word_1_206' title='bbox 1707 1773 1882 1819; x_wconf 86' lang='lat' dir='ltr'>Christo</span> <span class='ocrx_word' id='word_1_207' title='bbox 1900 1811 1910 1830; x_wconf 87' lang='lat'>,</span> 
     </span>
     <span class='ocr_line' id='line_1_23' title="bbox 550 1843 1916 1910; baseline -0.003 -18"><span class='ocrx_word' id='word_1_208' title='bbox 550 1847 640 1910; x_wconf 80' lang='lat' dir='ltr'>ipse</span> <span class='ocrx_word' id='word_1_209' title='bbox 656 1855 718 1891; x_wconf 79' lang='lat' dir='ltr'>est</span> <span class='ocrx_word' id='word_1_210' title='bbox 736 1845 780 1891; x_wconf 88' lang='lat' dir='ltr'>in</span> <span class='ocrx_word' id='word_1_211' title='bbox 804 1860 870 1891; x_wconf 86' lang='lat' dir='ltr'>se:</span> <span class='ocrx_word' id='word_1_212' title='bbox 888 1844 1063 1908; x_wconf 84' lang='lat' dir='ltr'>quando</span> <span class='ocrx_word' id='word_1_213' title='bbox 1083 1844 1186 1898; x_wconf 86' lang='lat' dir='ltr'>hoc,</span> <span class='ocrx_word' id='word_1_214' title='bbox 1207 1844 1403 1907; x_wconf 85' lang='lat' dir='ltr'>inquam,</span> <span class='ocrx_word' id='word_1_215' title='bbox 1432 1844 1553 1889; x_wconf 84' lang='lat' dir='ltr'>audis</span> <span class='ocrx_word' id='word_1_216' title='bbox 1570 1862 1592 1889; x_wconf 86' lang='lat' dir='ltr'>a</span> <span class='ocrx_word' id='word_1_217' title='bbox 1613 1844 1804 1899; x_wconf 74' lang='lat' dir='ltr'>Christo,</span> <span class='ocrx_word' id='word_1_218' title='bbox 1826 1843 1916 1907; x_wconf 82' lang='lat' dir='ltr'>ipse</span> 
     </span>
     <span class='ocr_line' id='line_1_24' title="bbox 550 1914 1917 1978; baseline -0.002 -17"><span class='ocrx_word' id='word_1_219' title='bbox 550 1926 612 1962; x_wconf 82' lang='lat' dir='ltr'>est</span> <span class='ocrx_word' id='word_1_220' title='bbox 632 1916 678 1961; x_wconf 88' lang='lat' dir='ltr'>in</span> <span class='ocrx_word' id='word_1_221' title='bbox 703 1924 757 1962; x_wconf 81' lang='lat' dir='ltr'>se.</span> <span class='ocrx_word' id='word_1_222' title='bbox 789 1914 977 1971; x_wconf 85' lang='lat' dir='ltr'>Quando</span> <span class='ocrx_word' id='word_1_223' title='bbox 1007 1915 1147 1960; x_wconf 84' lang='lat' dir='ltr'>anima</span> <span class='ocrx_word' id='word_1_224' title='bbox 1170 1919 1261 1974; x_wconf 87' lang='lat' dir='ltr'>ejus</span> <span class='ocrx_word' id='word_1_225' title='bbox 1294 1925 1431 1959; x_wconf 86' lang='lat' dir='ltr'>morte</span> <span class='ocrx_word' id='word_1_226' title='bbox 1455 1914 1793 1978; x_wconf 82' lang='lat' dir='ltr'>propinquante,</span> <span class='ocrx_word' id='word_1_227' title='bbox 1822 1924 1917 1959; x_wconf 87' lang='lat' dir='ltr'>tur-</span> 
     </span>
     <span class='ocr_line' id='line_1_25' title="bbox 552 1983 1917 2048; baseline -0.001 -17"><span class='ocrx_word' id='word_1_228' title='bbox 552 1986 698 2041; x_wconf 71' lang='lat' dir='ltr'>batur,</span> <span class='ocrx_word' id='word_1_229' title='bbox 731 1985 822 2048; x_wconf 83' lang='lat' dir='ltr'>i’pse</span> <span class='ocrx_word' id='word_1_230' title='bbox 848 1994 909 2029; x_wconf 88' lang='lat' dir='ltr'>est</span> <span class='ocrx_word' id='word_1_231' title='bbox 932 1985 977 2029; x_wconf 90' lang='lat' dir='ltr'>in</span> <span class='ocrx_word' id='word_1_232' title='bbox 1006 1994 1060 2031; x_wconf 87' lang='lat' dir='ltr'>te.</span> <span class='ocrx_word' id='word_1_233' title='bbox 1098 1984 1269 2029; x_wconf 86' lang='lat' dir='ltr'>Etenim</span> <span class='ocrx_word' id='word_1_234' title='bbox 1297 2001 1453 2048; x_wconf 86' lang='lat' dir='ltr'>corpus</span> <span class='ocrx_word' id='word_1_235' title='bbox 1488 1989 1579 2045; x_wconf 83' lang='lat' dir='ltr'>ejus</span> <span class='ocrx_word' id='word_1_236' title='bbox 1611 1983 1801 2030; x_wconf 83' lang='lat' dir='ltr'>Ecclesia</span> <span class='ocrx_word' id='word_1_237' title='bbox 1829 1990 1917 2029; x_wconf 89' lang='lat' dir='ltr'>non</span> 
     </span>
     <span class='ocr_line' id='line_1_26' title="bbox 552 2053 1271 2117; baseline -0.001 -16"><span class='ocrx_word' id='word_1_238' title='bbox 552 2062 673 2111; x_wconf 81' lang='lat' dir='ltr'>esset,</span> <span class='ocrx_word' id='word_1_239' title='bbox 694 2054 773 2100; x_wconf 83' lang='lat' dir='ltr'>nisi</span> <span class='ocrx_word' id='word_1_240' title='bbox 789 2060 831 2099; x_wconf 84' lang='lat' dir='ltr'>et</span> <span class='ocrx_word' id='word_1_241' title='bbox 848 2054 893 2099; x_wconf 86' lang='lat' dir='ltr'>in</span> <span class='ocrx_word' id='word_1_242' title='bbox 906 2053 1031 2099; x_wconf 86' lang='lat' dir='ltr'>nobis</span> <span class='ocrx_word' id='word_1_243' title='bbox 1047 2055 1137 2117; x_wconf 84' lang='lat' dir='ltr'>ipse</span> <span class='ocrx_word' id='word_1_244' title='bbox 1155 2062 1271 2101; x_wconf 86' lang='lat' dir='ltr'>esset.</span> 
     </span>
    </p>

    <p class='ocr_par' dir='ltr' id='par_1_3' title="bbox 554 2118 1916 2613">
     <span class='ocr_line' id='line_1_27' title="bbox 619 2118 1916 2190; baseline 0.002 -20"><span class='ocrx_word' id='word_1_245' title='bbox 619 2118 702 2172; x_wconf 65' lang='grc' dir='ltr'><strong>ΙΙΙ.</strong></span> <span class='ocrx_word' id='word_1_246' title='bbox 745 2124 928 2171; x_wconf 86' lang='lat' dir='ltr'>Attende</span> <span class='ocrx_word' id='word_1_247' title='bbox 953 2141 1050 2184; x_wconf 83' lang='lat' dir='ltr'>ergo</span> <span class='ocrx_word' id='word_1_248' title='bbox 1080 2124 1303 2169; x_wconf 84' lang='lat' dir='ltr'>Christum</span> <span class='ocrx_word' id='word_1_249' title='bbox 1324 2142 1334 2169; x_wconf 93' lang='lat'>:</span> <span class='ocrx_word' id='word_1_250' title='bbox 1354 2146 1374 2166; x_wconf 87' lang='lat'>«</span> <span class='ocrx_word' id='word_1_251' title='bbox 1392 2126 1650 2171; x_wconf 87' lang='lat' dir='ltr'>Potestatem</span> <span class='ocrx_word' id='word_1_252' title='bbox 1670 2125 1811 2172; x_wconf 80' lang='lat' dir='ltr'>habeo</span> <span class='ocrx_word' id='word_1_253' title='bbox 1830 2143 1916 2190; x_wconf 89' lang='lat' dir='ltr'>po-</span> 
     </span>
     <span class='ocr_line' id='line_1_28' title="bbox 554 2195 1915 2259; baseline 0.003 -21"><span class='ocrx_word' id='word_1_254' title='bbox 554 2217 575 2238; x_wconf 82' lang='lat'>»</span> <span class='ocrx_word' id='word_1_255' title='bbox 593 2195 723 2241; x_wconf 82' lang='lat' dir='ltr'>nendi</span> <span class='ocrx_word' id='word_1_256' title='bbox 750 2195 936 2240; x_wconf 82' lang='lat' dir='ltr'>animam</span> <span class='ocrx_word' id='word_1_257' title='bbox 960 2211 1115 2249; x_wconf 86' lang='lat' dir='ltr'>meam,</span> <span class='ocrx_word' id='word_1_258' title='bbox 1144 2205 1184 2240; x_wconf 91' lang='lat' dir='ltr'>et</span> <span class='ocrx_word' id='word_1_259' title='bbox 1210 2205 1463 2259; x_wconf 87' lang='lat' dir='ltr'>potestatem</span> <span class='ocrx_word' id='word_1_260' title='bbox 1492 2196 1633 2241; x_wconf 84' lang='lat' dir='ltr'>habeo</span> <span class='ocrx_word' id='word_1_261' title='bbox 1665 2195 1820 2242; x_wconf 82' lang='lat' dir='ltr'>iterum</span> <span class='ocrx_word' id='word_1_262' title='bbox 1841 2213 1915 2242; x_wconf 85' lang='lat' dir='ltr'>su-</span> 
     </span>
     <span class='ocr_line' id='line_1_29' title="bbox 556 2265 1916 2326; baseline 0.002 -16"><span class='ocrx_word' id='word_1_263' title='bbox 556 2288 577 2309; x_wconf 83' lang='lat'>»</span> <span class='ocrx_word' id='word_1_264' title='bbox 595 2265 739 2312; x_wconf 76' lang='lat' dir='ltr'>mendi</span> <span class='ocrx_word' id='word_1_265' title='bbox 759 2275 1018 2312; x_wconf 71' lang='lat' dir='ltr'>eamx&#39;nemo</span> <span class='ocrx_word' id='word_1_266' title='bbox 1042 2265 1153 2311; x_wconf 90' lang='lat' dir='ltr'>tollit</span> <span class='ocrx_word' id='word_1_267' title='bbox 1179 2283 1271 2311; x_wconf 86' lang='lat' dir='ltr'>eam</span> <span class='ocrx_word' id='word_1_268' title='bbox 1297 2284 1320 2311; x_wconf 85' lang='lat' dir='ltr'>a</span> <span class='ocrx_word' id='word_1_269' title='bbox 1344 2283 1423 2312; x_wconf 88' lang='lat' dir='ltr'>me.</span> <span class='ocrx_word' id='word_1_270' title='bbox 1449 2267 1538 2326; x_wconf 83' lang='lat' dir='ltr'>Ego</span> <span class='ocrx_word' id='word_1_271' title='bbox 1559 2266 1758 2313; x_wconf 76' lang='lat' dir='ltr'>dormivi.</span> <span class='ocrx_word' id='word_1_272' title='bbox 1785 2268 1916 2313; x_wconf 83' lang='lat' dir='ltr'>»Hoc</span> 
     </span>
     <span class='ocr_line' id='line_1_30' title="bbox 555 2335 1911 2400; baseline 0.001 -18"><span class='ocrx_word' id='word_1_273' title='bbox 555 2336 668 2383; x_wconf 92' lang='lat' dir='ltr'>enim</span> <span class='ocrx_word' id='word_1_274' title='bbox 685 2335 793 2381; x_wconf 83' lang='lat' dir='ltr'>dicit</span> <span class='ocrx_word' id='word_1_275' title='bbox 809 2336 855 2381; x_wconf 86' lang='lat' dir='ltr'>in</span> <span class='ocrx_word' id='word_1_276' title='bbox 873 2335 1041 2381; x_wconf 77' lang='lat' dir='ltr'>Psalmo</span> <span class='ocrx_word' id='word_1_277' title='bbox 1054 2354 1065 2381; x_wconf 76' lang='lat' dir='ltr'>t</span> <span class='ocrx_word' id='word_1_278' title='bbox 1077 2359 1096 2377; x_wconf 89' lang='lat'>«</span> <span class='ocrx_word' id='word_1_279' title='bbox 1112 2338 1200 2396; x_wconf 81' lang='lat' dir='ltr'>Ego</span> <span class='ocrx_word' id='word_1_280' title='bbox 1218 2336 1415 2383; x_wconf 87' lang='lat' dir='ltr'>dormivi.</span> <span class='ocrx_word' id='word_1_281' title='bbox 1439 2357 1459 2377; x_wconf 85' lang='lat'>»</span> <span class='ocrx_word' id='word_1_282' title='bbox 1479 2337 1704 2400; x_wconf 79' lang='lat' dir='ltr'>Tanquam</span> <span class='ocrx_word' id='word_1_283' title='bbox 1723 2337 1883 2383; x_wconf 83' lang='lat' dir='ltr'>diceret</span> <span class='ocrx_word' id='word_1_284' title='bbox 1901 2356 1911 2382; x_wconf 75' lang='grc' dir='ltr'>ε</span> 
     </span>
     <span class='ocr_line' id='line_1_31' title="bbox 557 2404 1916 2470; baseline 0.003 -21"><span class='ocrx_word' id='word_1_285' title='bbox 557 2405 676 2463; x_wconf 81' lang='lat' dir='ltr'>Quid</span> <span class='ocrx_word' id='word_1_286' title='bbox 702 2404 917 2452; x_wconf 67' lang='lat' dir='ltr'>fremunt?</span> <span class='ocrx_word' id='word_1_287' title='bbox 950 2405 1056 2469; x_wconf 87' lang='lat' dir='ltr'>quid</span> <span class='ocrx_word' id='word_1_288' title='bbox 1090 2407 1306 2453; x_wconf 72' lang='lat' dir='ltr'>exultant?</span> <span class='ocrx_word' id='word_1_289' title='bbox 1340 2406 1446 2470; x_wconf 88' lang='lat' dir='ltr'>quid</span> <span class='ocrx_word' id='word_1_290' title='bbox 1478 2407 1739 2452; x_wconf 85' lang='lat' dir='ltr'>ventilantur</span> <span class='ocrx_word' id='word_1_291' title='bbox 1766 2407 1916 2453; x_wconf 81' lang='lat' dir='ltr'>laetitia</span> 
     </span>
     <span class='ocr_line' id='line_1_32' title="bbox 556 2475 1911 2540; baseline 0.001 -18"><span class='ocrx_word' id='word_1_292' title='bbox 556 2475 718 2531; x_wconf 73' lang='lat' dir='ltr'>Jndaei,</span> <span class='ocrx_word' id='word_1_293' title='bbox 746 2476 865 2539; x_wconf 84' lang='lat' dir='ltr'>quasi</span> <span class='ocrx_word' id='word_1_294' title='bbox 895 2475 978 2538; x_wconf 86' lang='lat' dir='ltr'>ipsi</span> <span class='ocrx_word' id='word_1_295' title='bbox 1006 2475 1167 2540; x_wconf 83' lang='lat' dir='ltr'>aliquid</span> <span class='ocrx_word' id='word_1_296' title='bbox 1191 2477 1393 2522; x_wconf 68' lang='lat' dir='ltr'>fecerint?</span> <span class='ocrx_word' id='word_1_297' title='bbox 1419 2498 1438 2518; x_wconf 89' lang='lat'>«</span> <span class='ocrx_word' id='word_1_298' title='bbox 1466 2477 1555 2537; x_wconf 81' lang='lat' dir='ltr'>Ego</span> <span class='ocrx_word' id='word_1_299' title='bbox 1581 2476 1779 2524; x_wconf 84' lang='lat' dir='ltr'>dormivi.</span> <span class='ocrx_word' id='word_1_300' title='bbox 1804 2480 1911 2538; x_wconf 85' lang='lat' dir='ltr'>Ego,</span> 
     </span>
     <span class='ocr_line' id='line_1_33' title="bbox 559 2546 1915 2613; baseline 0 -19"><span class='ocrx_word' id='word_1_301' title='bbox 559 2569 580 2590; x_wconf 65' lang='lat' dir='ltr'>n</span> <span class='ocrx_word' id='word_1_302' title='bbox 598 2547 767 2611; x_wconf 78' lang='lat' dir='ltr'>inquit,</span> <span class='ocrx_word' id='word_1_303' title='bbox 798 2567 819 2588; x_wconf 86' lang='lat'>»</span> <span class='ocrx_word' id='word_1_304' title='bbox 842 2562 918 2606; x_wconf 83' lang='lat' dir='ltr'>ego</span> <span class='ocrx_word' id='word_1_305' title='bbox 946 2546 1022 2610; x_wconf 88' lang='lat' dir='ltr'>qui</span> <span class='ocrx_word' id='word_1_306' title='bbox 1054 2557 1308 2610; x_wconf 84' lang='lat' dir='ltr'>potestatem</span> <span class='ocrx_word' id='word_1_307' title='bbox 1336 2547 1477 2594; x_wconf 85' lang='lat' dir='ltr'>habeo</span> <span class='ocrx_word' id='word_1_308' title='bbox 1506 2548 1696 2613; x_wconf 79' lang='lat' dir='ltr'>ponendi</span> <span class='ocrx_word' id='word_1_309' title='bbox 1729 2548 1915 2594; x_wconf 83' lang='lat' dir='ltr'>animam</span> 
     </span>
    </p>
   </div>
   <div class='ocr_carea' id='block_1_3' title="bbox 604 2630 1477 2679">
    <p class='ocr_par' dir='ltr' id='par_1_4' title="bbox 604 2630 1477 2679">
     <span class='ocr_line' id='line_1_34' title="bbox 604 2630 1477 2679; baseline 0.002 -10"><span class='ocrx_word' id='word_1_310' title='bbox 604 2639 614 2659; x_wconf 85' lang='lat'><strong>¹</strong></span> <span class='ocrx_word' id='word_1_311' title='bbox 634 2640 807 2675; x_wconf 81' lang='lat' dir='ltr'>Joan.xi1‚</span> <span class='ocrx_word' id='word_1_312' title='bbox 830 2637 885 2669; x_wconf 83' lang='lat'>23.</span> <span class='ocrx_word' id='word_1_313' title='bbox 901 2653 945 2658; x_wconf 88' lang='lat'>--</span> <span class='ocrx_word' id='word_1_314' title='bbox 962 2634 977 2658; x_wconf 79' lang='lat'>2</span> <span class='ocrx_word' id='word_1_315' title='bbox 993 2635 1039 2668; x_wconf 69' lang='lat' dir='ltr'>ld,</span> <span class='ocrx_word' id='word_1_316' title='bbox 1058 2647 1092 2679; x_wconf 81' lang='lat' dir='ltr'>x,</span> <span class='ocrx_word' id='word_1_317' title='bbox 1120 2639 1171 2669; x_wconf 77' lang='lat'>18.</span> <span class='ocrx_word' id='word_1_318' title='bbox 1190 2643 1236 2662; x_wconf 65' lang='lat'>³-</span> <span class='ocrx_word' id='word_1_319' title='bbox 1251 2635 1265 2660; x_wconf 81' lang='lat'>8</span> <span class='ocrx_word' id='word_1_320' title='bbox 1281 2630 1326 2671; x_wconf 81' lang='lat' dir='ltr'>id.</span> <span class='ocrx_word' id='word_1_321' title='bbox 1344 2649 1404 2679; x_wconf 68' lang='lat' dir='ltr'>xlx,-</span> <span class='ocrx_word' id='word_1_322' title='bbox 1423 2649 1477 2678; x_wconf 77' lang='lat'>27·</span> 
     </span>
    </p>
   </div>
  </div>
 </body>
</html>
