1863 3246
397 307 540 339 smnio
575 310 777 358 cccxmx,
817 318 872 350 DE
909 322 1171 360 CHARITATE.
1379 323 1469 390 287

99 368 304 435 pentibus
329 373 468 419 turbis
507 386 548 420 et
571 376 756 426 clamare
789 385 1150 451 prohibentibus,
1189 401 1304 446 stetit
1327 403 1466 465 Jesus,

96 443 269 488 vocavit
291 460 388 490 eum
406 482 416 500 ,
445 456 486 491 et
511 446 616 492 dixit
641 450 677 495 ei
705 469 716 496 ε
741 474 761 493 «
781 455 900 511 Quid
920 459 983 505 vis
1003 461 1084 508 tibi
1103 466 1224 514 fieri?
1252 472 1434 523 Domine
1453 516 1464 536 ,

97 532 118 554 »
134 512 295 577 inquit,
319 525 368 560 ut
384 515 568 565 videam.
600 520 802 585 Respice,
822 526 928 574 fides
940 540 1014 577 tua
1037 543 1078 578 te
1096 537 1261 586 salvum
1283 543 1423 595 feeitl.
1446 570 1466 591 »

95 584 247 629 Amate
271 585 523 641 Christum3
551 588 787 639 desiderate
807 595 979 658 lumen,
1007 606 1127 666 quod
1160 620 1221 655 est
1245 613 1457 666 Christus.

93 653 139 699 Si
157 654 414 703 desideravit
432 657 502 704 ille
520 659 667 708 lumen
686 669 896 729 corporis,
911 685 1074 735 quanto
1093 678 1193 740 plus
1211 682 1359 732 lumen
1379 706 1464 735 cor-

90 722 156 769 dis
179 724 418 773 desiderare
439 728 635 778 debetis?
664 735 730 780 Ad
751 754 867 797 eum,
890 759 977 788 non
1007 748 1206 807 vocilius,
1231 755 1304 801 sed
1326 761 1462 805 mori-

87 793 170 839 bus
190 794 437 845 clamemus.
468 799 673 849 vivamus
695 804 823 868 bene,
849 813 1063 861 mundum
1098 834 1421 874 contemnamus
1446 849 1456 875 ε

86 864 198 910 nihil
219 866 344 912 nobis
362 869 415 913 sit
432 886 558 916 omne
578 874 696 936 quod
721 880 882 927 transit.
909 883 1228 948 Reprehensuri
1246 907 1345 942 sunt
1363 916 1455 957 nos,

85 935 262 998 quando
298 938 360 984 sic
395 940 642 999 vixerimus,
678 950 799 1009 quasi
836 951 1058 1003 dilectores
1094 964 1226 1009 nostri
1264 966 1460 1016 homines

82 1006 324 1064 saeculares,
362 1022 552 1058 amantes
580 1024 752 1074 terram,
784 1023 996 1085 sapientes
1014 1029 1255 1092 pulverem,
1277 1038 1387 1085 nihil
1405 1041 1458 1086 de

82 1075 194 1121 coelo
217 1076 421 1124 ducentes
439 1118 449 1137 ‚
476 1099 599 1128 auras
623 1084 780 1134 liberas
805 1094 952 1153 eorde,
982 1115 1084 1145 nare
1107 1117 1330 1168 carpentes
1352 1127 1362 1154 :
1389 1129 1454 1155 re-

79 1145 332 1207 prehensuri
353 1160 452 1194 sunt
477 1169 553 1197 nos
577 1157 731 1216 procul
752 1160 905 1220 dubio,
929 1177 1057 1231 atque
1078 1171 1254 1231 dicturi,
1278 1178 1310 1222 si
1336 1179 1454 1226 xidc-

79 1214 165 1259 rint
203 1233 280 1263 nos
315 1218 394 1264 ista
432 1219 643 1279 humana,
685 1226 764 1273 ista
807 1241 970 1281 terrena
999 1251 1305 1293 contemnere:
1335 1250 1454 1306 Quid

77 1285 264 1347 pateris?
308 1288 416 1350 quid
451 1290 641 1339 insanis?
684 1296 831 1346 Turba
860 1303 931 1350 illa
957 1318 1018 1352 est
1058 1315 1374 1375 contradicens,
1402 1339 1454 1366 ne

77 1371 217 1401 caecus
254 1357 423 1406 clamet.
452 1361 507 1406 Et
538 1362 749 1427 aliquanti
787 1371 1024 1423 Christiani
1048 1393 1164 1439 sunt,
1192 1387 1265 1448 qui
1294 1390 1452 1450 prohi-

73 1422 181 1469 bent
210 1426 352 1473 vivere
382 1429 615 1478 christiane
644 1451 654 1479 :
683 1438 782 1499 qnia
817 1452 857 1487 et
880 1444 951 1491 illa
981 1450 1109 1496 turba
1134 1470 1234 1500 cuni
1273 1458 1449 1506 Christo

74 1495 354 1554 ambulabat‚
392 1510 435 1546 et
457 1503 761 1553 vociferantem
798 1511 1018 1564 hominem
1056 1521 1109 1566 ad
1144 1524 1367 1574 Christum
1400 1548 1450 1576 ac

72 1563 211 1612 lucem
233 1567 545 1617 desiderantem
573 1574 628 1618 al)
649 1575 784 1638 ipsius
807 1583 971 1632 Christi
996 1589 1209 1640 beneficio
1232 1598 1448 1659 prohihe-

69 1634 160 1683 bat.
189 1637 300 1684 Sunt
330 1640 431 1686 tales
459 1643 695 1691 Christiani
724 1666 734 1693 :
763 1652 835 1698 sed
855 1656 1079 1706 vincamus
1099 1663 1193 1710 illos
1212 1704 1222 1722 ‚
1253 1668 1448 1718 vivamus

68 1704 207 1763 bene3
246 1720 287 1755 et
310 1710 403 1775 ipsa
436 1714 524 1760 vita
549 1715 603 1760 sit
639 1732 717 1764 vox
742 1735 884 1772 nostra
911 1728 965 1774 ad
991 1731 1230 1784 (hristum.
1274 1740 1444 1796 Stabiu

68 1792 171 1839 qula
191 1790 288 1828 stat.

130 1847 204 1896 VI.
248 1851 359 1899 Nam
378 1866 419 1900 et
439 1856 501 1902 ibi
521 1865 771 1924 mysterium
793 1883 997 1927 inagnum
1011 1884 1084 1920 est.
1112 1876 1339 1927 Transiens
1359 1895 1448 1929 erat

65 1915 152 1975 iile,
173 1922 349 1982 quando
364 1925 433 1970 ille
448 1928 668 1979 clamabat.
685 1953 694 1980 :
712 1936 1082 1999 quandosanavit,
1105 1944 1233 1995 stetit.
1264 1951 1444 1998 Transi—

65 1995 132 2033 tus
157 1990 319 2038 Christi
345 1994 531 2044 intentos
557 2019 630 2048 nos
657 2005 783 2050 liu-iat
819 2008 872 2052 ad
903 2009 1196 2064 clamandum.
1240 2020 1347 2076 Quis
1380 2035 1441 2069 est

64 2059 269 2106 transitus
299 2064 462 2112 Christi
479 2071 496 2113 ἒ)
522 2070 751 2137 Quidquid
778 2094 857 2139 pro
883 2080 1006 2127 nohis
1032 2088 1322 2148 temporaliter
1346 2111 1441 2156 per-

62 2127 192 2184 tulit,
235 2134 437 2180 transitus
461 2141 661 2196 ejuswst.
705 2146 840 2192 Nuus
882 2160 961 2206 est,
1007 2156 1202 2203 transiit:
1229 2163 1444 2225 numquid

62 2195 207 2243 adhuc
232 2204 452 2252 naseitur')
484 2210 647 2269 (trevir,
686 2216 853 2261 transiit
875 2236 884 2263 :
909 2224 1123 2286 numquid
1151 2227 1298 2275 adhue
1321 2250 1438 2279 vrrs—

60 2267 151 2314 citt)
179 2269 335 2319 Suxit:
364 2281 577 2341 numquid
613 2284 758 2331 adhuev
790 2288 929 2347 sugit?
961 2292 1153 2342 Defessus
1186 2299 1385 2349 dorinixit
1423 2323 1432 2350 :

58 2342 269 2403 numquid
292 2344 437 2392 adhue
458 2348 650 2400 dormit?
677 2356 955 2407 Mandnravit
979 2374 1015 2408 et
1043 2365 1157 2413 bibit
1183 2386 1193 2414 ε
1222 2375 1434 2437 numquid

59 2406 205 2454 adhue
226 2411 327 2458 facit
340 2418 358 2460 ἱ)
384 2417 605 2467 Postremo
632 2442 810 2487 prensus
830 2441 907 2483 est,
941 2433 1109 2480 vinetus
1133 2450 1211 2495 est,
1239 2444 1435 2490 xerhera-

58 2484 124 2522 tus
143 2489 222 2536 est,
253 2483 388 2545 spinis
409 2502 638 2538 coronatus
659 2505 737 2546 est,
765 2497 901 2563 alapis
929 2520 1065 2550 ezrsns
1086 2519 1165 2559 est,
1191 2512 1328 2574 sputis
1352 2513 1437 2559 illi—

58 2555 140 2605 tus‚
166 2549 282 2612 ligno
299 2570 544 2620 suspensus,
574 2565 757 2625 occisus,
782 2568 928 2620 lancea
960 2592 1205 2639 percussuS,
1244 2583 1437 2646 sepultus

103 2634 112 2658 ¹
135 2639 209 2672 Luc.
224 2650 403 2688 xv1¹c‚l‚1,
