1942 3272
432 318 524 371 442
852 335 886 363 s.
930 330 1172 364 Aneusnm
1207 333 1412 365 EP1scoP1

430 418 450 437 «
474 396 609 456 Surge
637 397 714 460 qui
742 397 920 452 dormis,
954 409 996 443 et
1030 414 1182 457 exurge
1221 416 1244 443 a
1281 399 1505 447 mortuis4.
1529 401 1621 446 »Et
1656 400 1765 447 illud
1789 419 1801 447 ε

432 488 451 506 α
473 467 561 522 Qui
586 467 794 513 sedebant
822 469 867 514 in
894 469 1049 514 umbra
1079 469 1246 524 mortis,
1274 469 1344 514 lux
1368 481 1459 515 orta
1480 481 1542 516 est
1561 471 1662 518 eis2.
1711 494 1725 512 υ
1751 473 1807 517 Et

430 536 540 582 illud
564 538 680 600 quod
711 540 839 602 paulo
864 550 961 585 ante
985 539 1320 584 commemoravi
1341 557 1351 584 ι
1370 562 1389 580 α
1411 540 1455 585 Si
1489 541 1809 586 consurrexistis

432 627 451 647 »
471 624 572 652 cum
597 609 791 666 Christo,
819 627 919 672 quse
940 626 1107 654 sursum
1136 620 1234 654 sunt
1258 611 1437 672 quaerite
1452 611 1484 657 3.
1513 631 1533 652 »
1554 611 1621 656 Ad
1646 627 1808 673 corpo—

431 677 562 722 ralem
599 690 741 724 autem
777 680 1131 725 resurrectionem
1170 680 1358 742 pertinet
1392 681 1510 743 quod
1548 697 1666 725 nunc
1703 680 1811 726 dicit

434 749 683 811 Apostolus,
705 752 781 813 qui
801 751 926 797 talem
945 751 1026 796 sibi
1052 751 1333 814 quaestionem
1352 763 1665 814 proposuerat:
1687 775 1703 791 «
1727 750 1811 796 Sed

435 842 454 861 >2
474 818 582 865 dicit
605 821 760 884 aliquis
781 840 791 867 :
817 822 1050 877 Quomodo
1075 833 1304 881 resurgunt
1327 822 1516 867 mortui?
1544 822 1643 878 Quo
1667 833 1812 867 autem

435 912 455 931 ›>
475 907 658 953 corpore
690 892 893 937 venient4
908 892 921 912 '³
944 915 963 933 ›>
990 892 1153 951 Agebat
1176 908 1274 951 ergo
1298 891 1351 937 de
1376 892 1685 937 resurrectione
1716 908 1813 937 cor·

434 960 564 1022 poris,
602 963 645 1006 in
676 979 762 1025 qua
794 962 1013 1025 praecessit
1048 960 1257 1006 Dominus
1297 961 1531 1007 Ecclesiam
1567 978 1688 1006 suam
1721 979 1732 1006 z
1760 961 1813 1006 de

432 1029 515 1075 hac
544 1048 643 1090 ergo
667 1032 725 1076 ait
747 1050 758 1077 ι
780 1054 799 1073 «
819 1033 1005 1095 Oportet
1029 1031 1315 1093 corruptibile
1343 1031 1428 1076 hoc
1454 1031 1632 1076 induere
1665 1031 1815 1076 incor-

435 1122 453 1139 »
474 1100 740 1163 ruptionem,
768 1113 809 1147 et
832 1101 1012 1147 mortale
1039 1102 1124 1146 hoe
1150 1101 1329 1146 induere
1349 1101 1717 1146 immortalitatem
1733 1101 1765 1147 5.
1795 1123 1815 1142 n

439 1172 624 1233 Propter
654 1172 760 1217 illud
791 1173 909 1235 quod
935 1172 1099 1218 dixerat
1126 1189 1136 1216 :
1171 1193 1191 1212 <‹
1219 1176 1330 1217 (faro
1359 1182 1399 1216 et
1433 1172 1604 1231 sanguis
1635 1188 1816 1231 regnum

440 1262 459 1281 »
483 1241 559 1285 Dei
584 1258 671 1286 non
695 1242 949 1304 possidebit.
986 1264 1003 1283 ›>
1026 1242 1248 1285 Habemus
1281 1252 1424 1286 autem
1452 1240 1534 1285 alio
1566 1240 1661 1285 loco
1688 1257 1817 1302 aper-

442 1310 598 1355 tissime
618 1312 753 1373 ipsius
770 1311 954 1374 apostoli
977 1310 1098 1356 l’auli
1122 1311 1413 1355 testimonium
1438 1310 1490 1356 de
1509 1310 1820 1355 resurrectione

438 1380 675 1425 secundum
708 1382 934 1444 spiritum,
963 1392 1004 1426 et
1036 1380 1089 1425 de
1120 1381 1431 1425 resurrectione
1455 1379 1689 1425 secundum
1718 1396 1820 1424 car-

435 1467 547 1496 nem.
581 1452 753 1513 Corpus
775 1452 886 1496 euim
914 1449 1111 1503 mortale,
1140 1449 1259 1512 quod
1285 1450 1520 1494 animatum
1548 1460 1610 1495 est
1635 1448 1698 1494 vel
1723 1449 1820 1493 ani-

439 1531 605 1565 matum
632 1521 736 1574 fuit„
765 1539 865 1566 caro
892 1521 1068 1566 dicitur.
1107 1521 1178 1565 Sic
1211 1537 1311 1579 ergo
1343 1519 1570 1583 Apostolus
1593 1519 1817 1582 loquitur:

441 1612 459 1631 «
481 1592 525 1635 >31
549 1602 691 1637 autem
719 1592 920 1636 Christus
950 1592 995 1636 in
1027 1590 1176 1641 vobis„
1207 1607 1367 1653 corpus
1393 1590 1570 1653 quidem
1598 1601 1821 1635 mortuum

442 1682 461 1702 ›>
481 1672 542 1706 est
566 1673 747 1725 propter
772 1673 1027 1726 peccatum,
1058 1662 1235 1724 spiritus
1261 1671 1405 1705 autem
1432 1660 1519 1705 vita
1551 1670 1613 1705 est
1641 1670 1822 1723 propter

444 1753 463 1772 >³
479 1733 735 1790 justitiamss.
763 1754 783 1773 υ
803 1733 915 1777 Ecce
930 1735 1020 1790 jam
1044 1731 1297 1776 resurrectio
1318 1730 1493 1792 spiritus
1516 1729 1823 1793 perjustitiam

442 1801 556 1847 facta
573 1802 829 1862 intelligitur
848 1819 858 1846 :
880 1801 979 1847 vide
1005 1812 1149 1847 utrum
1174 1800 1386 1863 speranda
1409 1800 1463 1844 sit
1479 1800 1608 1844 etiam
1629 1799 1824 1862 corporis

445 1873 713 1919 resurrectio.
751 1873 933 1918 Mortale
959 1873 1074 1918 enim
1100 1887 1260 1934 corpus
1289 1870 1431 1915 noluit
1457 1869 1675 1933 appellare
1703 1886 1824 1915 mor-

448 1942 544 1998 tale,
571 1943 644 1988 sed
668 1954 915 1996 mortuum3
943 1954 984 1988 et
1010 1953 1156 1987 tamen
1180 1942 1266 1986 hoe
1291 1959 1332 1986 se
1356 1941 1616 2000 significasse
1642 1939 1688 1985 in
1714 1957 1825 1985 con-
1849 1969 1852 1972 -

445 2014 725 2076 sequentibus
759 2014 909 2077 aperit.
952 2013 1160 2076 Sequitur
1189 2012 1352 2074 itaque,
1389 2021 1431 2055 et
1450 2010 1560 2055 dicit
1581 2027 1592 2054 :
1613 2031 1633 2051 «
1655 2010 1700 2055 Si
1727 2027 1826 2069 ergo

446 2085 661 2147 »spiritus
687 2088 777 2144 ejus
809 2084 883 2147 qui
911 2083 1134 2129 suscitavit
1156 2083 1303 2127 «lesum
1333 2100 1355 2126 a
1392 2081 1572 2126 mortuis
1599 2118 1609 2136 ‚
1655 2080 1829 2126 habitat

449 2176 468 2195 »
486 2155 530 2199 in
554 2155 696 2209 vobis,
725 2154 799 2217 qui
824 2153 1047 2199 suscitavit
1076 2153 1312 2198 Dominum
1341 2162 1534 2196 nostrum
1563 2151 1728 2204 .lesu1n‚
1755 2150 1827 2195 vi-

448 2224 684 2270 »vificabit
716 2235 758 2268 et
795 2224 993 2269 mortalia
1035 2240 1220 2285 corpora
1263 2232 1401 2267 vestra
1439 2238 1517 2282 per
1557 2220 1828 2265 habitantem

448 2315 469 2335 υ
490 2294 700 2357 Spiritum
727 2297 818 2353 ejus
843 2293 885 2338 in
903 2292 1070 2338 vobis7.
1097 2314 1116 2333 »
1138 2292 1420 2353 Quapropter
1439 2289 1500 2335 illi
1525 2291 1638 2335 circa
1667 2289 1828 2334 verita-

452 2374 533 2409 tem
562 2364 897 2417 aberraverunt,
927 2379 1054 2407 unam
1087 2372 1351 2420 negaverunt
1382 2360 1750 2405 resurrectionem.
1784 2358 1830 2404 Si

450 2434 562 2479 enim
597 2434 713 2478 omni
752 2433 880 2478 modo
906 2450 997 2477 eam
1032 2442 1261 2491 negarent,
1293 2449 1315 2476 a
1346 2432 1523 2476 veritate
1561 2431 1826 2485 aberrarent,

447 2522 535 2550 nou
560 2504 674 2550 circa
704 2503 940 2550 veritatem.
973 2503 1087 2559 Quia
1115 2520 1213 2547 vero
1246 2502 1361 2547 circa
1391 2502 1613 2547 veritatem
1652 2501 1830 2546 aberra-

504 2605 513 2627 ¹
533 2604 648 2648 Ephes.
669 2618 700 2642 v,
720 2612 822 2643 14.—
840 2603 943 2637 21su‘i.
967 2615 1010 2642 ix,
1028 2616 1105 2636 2.--
1121 2602 1135 2627 3
1153 2605 1276 2637 Coloss.
1293 2615 1344 2640 111,
1366 2615 1392 2634 ι.
1406 2621 1452 2627 -
1470 2600 1484 2625 ⁴
1502 2603 1585 2636 Beda
1599 2602 1638 2635 ad
1655 2613 1671 2633 2
1686 2602 1770 2634 Tim.
1789 2611 1830 2634 11.

451 2675 495 2681 ·-
512 2655 524 2679 5
549 2669 559 2688 ι
584 2660 658 2691 Cor.
678 2669 729 2698 xv,
752 2660 804 2690 35.
821 2676 862 2682 --
877 2655 892 2679 ⁶
907 2660 1001 2691 Rom.
1023 2668 1100 2695 vm,
1127 2669 1175 2689 10.
1194 2674 1237 2680 -—
1254 2655 1371 2688 ⁷1bid.
1397 2667 1449 2688 11.

1937 399 1942 422 l
