1999 3282
523 359 583 417 94
947 372 979 401 s.
1025 369 1265 400 At·Gt†sr1N1
1302 372 1503 401 EPJSCOPI

521 437 639 485 sulor
671 437 726 484 de
743 436 938 491 homine,
966 445 1111 481 utrum
1142 437 1288 494 jurare
1322 435 1504 490 debeat3
1530 435 1602 481 sed
1623 435 1730 500 quid
1758 435 1898 483 facere

523 508 680 555 debeat
711 507 785 573 qui
805 506 984 568 juravit.
1016 507 1115 570 Ipsa
1139 516 1201 551 est
1228 523 1383 566 magna
1408 505 1677 554 deliberatio.
1719 508 1897 553 Temere

516 579 682 642 J'uravit
707 596 719 625 t
747 578 844 642 quis
869 577 1063 624 nesciat?
1091 577 1257 622 Tamen
1285 576 1433 640 lapsus
1465 587 1526 622 est
1544 615 1555 633 ‚
1577 578 1757 637 juravit.
1785 578 1898 624 Ecce

523 649 666 715 puella
695 649 850 714 petivit
876 659 1011 713 caput
1035 647 1171 694 saneti
1196 647 1376 694 Joannis
1401 666 1411 693 ε
1443 648 1549 712 quid
1575 647 1714 694 facere
1745 646 1900 694 debuit

524 720 753 768 Herodes?
794 721 956 766 Demus
997 718 1059 766 illi
1097 719 1338 767 consilium.
1383 719 1429 765 Si
1468 719 1738 765 dixerimus:
1771 723 1901 765 Parce

524 790 705 848 Joanni,
727 808 780 837 ne
809 790 941 837 facias
966 790 1102 837 scelus
1126 809 1136 836 ε
1160 791 1400 855 perjurium
1425 789 1669 838 suademus.
1703 790 1748 836 Si
1779 788 1900 836 dixe-

523 861 659 910 rimus
684 880 695 908 t
726 861 825 908 Noli
847 866 1067 926 perjurare
1094 880 1104 908 :
1137 862 1190 908 ad
1214 862 1349 908 scelus
1377 861 1647 926 implendum
1683 878 1902 926 provoca-

525 950 634 981 mus.
676 932 788 979 Mala
818 933 1024 980 conditio.
1070 937 1313 998 Antequam
1344 934 1525 980 veniatis
1563 951 1661 994 ergo
1692 932 1748 979 ad
1771 933 1902 979 istum

523 1003 751 1069 bicipitem
778 1003 1000 1069 laqueum,
1024 1004 1160 1050 tollite
1179 1005 1232 1051 de
1253 1023 1324 1050 ore
1342 1016 1480 1051 vestro
1510 1004 1757 1050 temerarias
1775 1007 1902 1064 Jurau

528 1076 663 1122 tlones
688 1093 698 1120 ε
731 1079 962 1138 antequam
986 1075 1167 1120 veniatis
1192 1075 1245 1121 ad
1270 1076 1393 1121 istam
1422 1075 1779 1122 consuetudinem
1805 1092 1903 1120 ma-

526 1147 632 1203 lam,
659 1163 811 1192 moneo
831 1146 981 1191 fratres
1005 1164 1119 1192 meos
1138 1185 1148 1203 ,
1176 1165 1329 1192 moneo
1353 1147 1462 1192 filios
1486 1165 1598 1193 meos
1623 1165 1633 1191 :
1666 1145 1773 1209 quid
1796 1161 1905 1209 opus

527 1229 606 1274 est,
634 1228 682 1262 ut
704 1217 885 1262 veniatis
904 1217 1097 1264 adhunc
1116 1218 1366 1275 articulum,
1390 1218 1469 1263 ubi
1486 1236 1572 1263 non
1593 1233 1821 1281 possumus
1836 1216 1905 1262 in-

528 1288 671 1336 venire
694 1287 949 1333 consilium?

596 1361 654 1405 ll.
698 1359 861 1404 Tamen
889 1358 1128 1422 Scripturis
1154 1359 1403 1418 diligentius
1428 1358 1726 1421 perscrutatis,
1748 1374 1907 1403 occur-

531 1430 588 1476 rit
612 1428 720 1474 mihi
747 1446 883 1474 unum
912 1429 1153 1492 exemplum
1175 1466 1186 1484 ,
1214 1429 1291 1474 ubi
1315 1428 1440 1474 video
1466 1429 1590 1492 pium
1612 1429 1835 1475 hominem
1867 1439 1909 1475 et

532 1510 730 1546 sanctum
754 1499 799 1545 in
825 1500 1093 1546 temerariam
1110 1500 1376 1559 jurationem
1399 1499 1620 1556 cecidisse,
1650 1511 1692 1546 et
1710 1499 1910 1546 maluisse

533 1588 620 1618 non
649 1570 789 1617 facere
812 1570 929 1635 quod
950 1574 1204 1630 juraverat,
1232 1587 1363 1633 quam
1381 1570 1644 1629 jurationem
1670 1587 1793 1616 suam
1814 1569 1911 1615 fuso

534 1641 722 1687 hominis
745 1642 950 1702 sanguine
971 1641 1167 1704 implere.
1195 1640 1499 1687 Commemoro
1516 1659 1616 1701 ergo
1641 1641 1912 1686 Charitatem

533 1711 741 1759 Vestram.
791 1712 980 1770 Quando
1015 1711 1122 1758 Saiil
1160 1723 1355 1758 sanctum
1396 1712 1539 1758 David
1573 1712 1915 1777 persequebatur

534 1784 745 1843 ingratus,
764 1783 836 1829 ille
860 1801 959 1830 cum
984 1783 1068 1829 suis
1093 1783 1188 1829 ibat
1211 1800 1489 1846 quocumque
1507 1794 1696 1846 poterat,
1723 1783 1915 1829 neinve-

537 1853 702 1899 niretur
734 1872 757 1899 a
781 1854 928 1912 Saule,
953 1865 995 1900 et
1017 1852 1298 1900 occideretur.
1335 1854 1390 1898 Et
1425 1853 1616 1917 quodam
1641 1854 1710 1900 die
1744 1854 1801 1900 ab
1825 1853 1915 1899 ho·-

538 1923 651 1969 mine
694 1923 852 1981 divite,
891 1925 969 1989 qui
1003 1924 1248 1970 vocabatur
1282 1923 1453 1980 Nabal,
1494 1935 1537 1969 et
1574 1923 1785 1970 tondebat
1819 1940 1917 1970 oves

541 2009 662 2050 suas,
689 1994 844 2057 petivit
875 1993 1214 2040 sustentaculum
1246 1993 1386 2040 victus
1404 2031 1415 2050 ‚
1446 1993 1529 2039 sibi
1561 2007 1603 2039 et
1629 1993 1687 2039 eis
1709 1993 1787 2058 qui
1817 2010 1919 2040 cum

538 2055 614 2109 illo
647 2063 810 2112 crant1.
845 2064 1154 2111 lmmisericors
1179 2065 1279 2110 dare
1315 2063 1484 2120 noluit,
1516 2075 1557 2109 et
1577 2065 1695 2128 quod
1722 2076 1785 2110 est
1818 2082 1919 2126 gra-

540 2134 660 2191 vius,
694 2135 1001 2181 contumeliose
1035 2134 1273 2199 respondit.
1317 2134 1490 2179 Jurax-it
1530 2146 1703 2181 sanctus
1748 2133 1916 2190 David,

540 2221 638 2250 eum
661 2205 906 2251 occisurum
928 2224 969 2252 se
993 2224 1093 2252 esse.
1122 2207 1226 2250 Erat
1246 2206 1358 2250 enim
1385 2216 1588 2252 armatus.
1629 2207 1686 2251 Et
1713 2204 1833 2269 quod
1850 2205 1920 2251 fa—

542 2274 621 2321 cile
640 2275 798 2332 fuerat,
828 2288 871 2323 et
891 2281 1006 2338 juste
1028 2278 1165 2322 facere
1182 2277 1244 2322 ira
1268 2277 1557 2340 persuadente
1580 2276 1829 2334 videbatur,
1847 2276 1920 2322 in-
1992 2334 1993 2339 Ἰ

545 2357 699 2392 cautus
725 2344 841 2393 fudit
862 2348 1128 2408 jurationem
1158 2366 1167 2392 ε
1195 2359 1237 2394 et
1270 2347 1408 2412 coepit
1435 2348 1519 2404 ire,
1552 2358 1599 2392 ut
1618 2347 1779 2393 faceret
1802 2345 1920 2410 quod
1986 2358 1989 2379 ³

537 2421 770 2477 Juraverat.
803 2419 1010 2464 Occurrit
1030 2419 1205 2479 Abiga'il
1225 2436 1328 2464 uxor
1348 2417 1505 2474 nabal,
1535 2429 1576 2463 et
1596 2417 1694 2463 tulit
1712 2418 1749 2463 ei
1772 2433 1921 2463 neces-

543 2487 651 2533 saria
677 2504 776 2552 quae
799 2501 1070 2553 poposcerat.
1099 2489 1369 2553 Suppliciter
1392 2506 1490 2534 eum
1508 2489 1694 2548 rogavit,
1718 2487 1852 2543 flexit,
1881 2496 1923 2531 et
1984 2494 1988 2551 ζ

544 2558 735 2620 amariti
756 2560 961 2620 sanguine
984 2560 1217 2606 revocavit.
1244 2560 1267 2603 J
1276 2559 1416 2606 uravit
1442 2570 1616 2615 temere,
1639 2558 1712 2605 sed
1733 2575 1821 2604 non
1837 2556 1921 2604 im-
1986 2578 1987 2610 3

543 2622 678 2691 plevit
695 2630 961 2690 jurationem
993 2635 1155 2692 majore
1191 2630 1364 2697 pietate.
1405 2630 1613 2688 Proinde,
1657 2626 1918 2683 charissimi,

596 2715 605 2736 ι
626 2727 635 2745 1
661 2719 740 2758 Rvg.
756 2729 831 2752 xxv.
