<?xml version="1.0" encoding="UTF-8"?>
<!DOCTYPE html PUBLIC "-//W3C//DTD XHTML 1.0 Transitional//EN"
    "http://www.w3.org/TR/xhtml1/DTD/xhtml1-transitional.dtd">
<html xmlns="http://www.w3.org/1999/xhtml" xml:lang="en" lang="en">
 <head>
  <title>
</title>
<meta http-equiv="Content-Type" content="text/html;charset=utf-8" />
  <meta name='ocr-system' content='tesseract 3.04.00' />
  <meta name='ocr-capabilities' content='ocr_page ocr_carea ocr_par ocr_line ocrx_word'/>
</head>
<body>
  <div class='ocr_page' id='page_1' title='image "./operaomniaaccura21auguuoft_0492.png"; bbox 0 0 1942 3272; ppageno 0'>
   <div class='ocr_carea' id='block_1_1' title="bbox 469 293 1447 354">
    <p class='ocr_par' dir='ltr' id='par_1_1' title="bbox 469 293 1447 354">
     <span class='ocr_line' id='line_1_1' title="bbox 469 293 1447 354; baseline 0.005 -18"><span class='ocrx_word' id='word_1_1' title='bbox 469 293 561 354; x_wconf 72' lang='grc'>476</span> <span class='ocrx_word' id='word_1_2' title='bbox 889 309 921 338; x_wconf 86' lang='lat' dir='ltr'>s.</span> <span class='ocrx_word' id='word_1_3' title='bbox 967 307 1210 339; x_wconf 64' lang='lat' dir='ltr'>Ancum-im</span> <span class='ocrx_word' id='word_1_4' title='bbox 1246 310 1447 341; x_wconf 65' lang='lat' dir='ltr'>eviscovi</span> 
     </span>
    </p>
   </div>
   <div class='ocr_carea' id='block_1_2' title="bbox 463 371 1865 2626">
    <p class='ocr_par' dir='ltr' id='par_1_2' title="bbox 466 371 1844 575">
     <span class='ocr_line' id='line_1_2' title="bbox 466 371 1844 443; baseline 0.004 -24"><span class='ocrx_word' id='word_1_5' title='bbox 466 382 516 419; x_wconf 87' lang='lat' dir='ltr'>ut</span> <span class='ocrx_word' id='word_1_6' title='bbox 549 371 668 436; x_wconf 87' lang='lat' dir='ltr'>quod</span> <span class='ocrx_word' id='word_1_7' title='bbox 699 388 815 418; x_wconf 90' lang='lat' dir='ltr'>nunc</span> <span class='ocrx_word' id='word_1_8' title='bbox 836 372 981 419; x_wconf 86' lang='lat' dir='ltr'>sitiens</span> <span class='ocrx_word' id='word_1_9' title='bbox 1009 384 1123 420; x_wconf 86' lang='lat' dir='ltr'>terra</span> <span class='ocrx_word' id='word_1_10' title='bbox 1147 375 1383 443; x_wconf 83' lang='lat' dir='ltr'>susceperit</span> <span class='ocrx_word' id='word_1_11' title='bbox 1400 413 1411 432; x_wconf 83' lang='lat'><strong><em>‚</em></strong></span> <span class='ocrx_word' id='word_1_12' title='bbox 1448 387 1641 440; x_wconf 83' lang='lat' dir='ltr'>tempore</span> <span class='ocrx_word' id='word_1_13' title='bbox 1663 388 1844 442; x_wconf 82' lang='lat' dir='ltr'>accepto</span> 
     </span>
     <span class='ocr_line' id='line_1_3' title="bbox 466 441 1840 509; baseline 0.005 -22"><span class='ocrx_word' id='word_1_14' title='bbox 466 441 680 488; x_wconf 87' lang='lat' dir='ltr'>inebriata</span> <span class='ocrx_word' id='word_1_15' title='bbox 703 444 909 503; x_wconf 84' lang='lat' dir='ltr'>sanguine</span> <span class='ocrx_word' id='word_1_16' title='bbox 933 443 1115 501; x_wconf 80' lang='lat' dir='ltr'><strong>Christi,</strong></span> <span class='ocrx_word' id='word_1_17' title='bbox 1143 445 1188 490; x_wconf 92' lang='lat' dir='ltr'>in</span> <span class='ocrx_word' id='word_1_18' title='bbox 1208 462 1397 509; x_wconf 86' lang='lat' dir='ltr'>procero·</span> <span class='ocrx_word' id='word_1_19' title='bbox 1410 447 1654 507; x_wconf 82' lang='lat' dir='ltr'><strong>germinans</strong></span> <span class='ocrx_word' id='word_1_20' title='bbox 1671 447 1840 504; x_wconf 78' lang='lat' dir='ltr'>culmo,</span> 
     </span>
     <span class='ocr_line' id='line_1_4' title="bbox 468 512 1031 575; baseline 0.005 -18"><span class='ocrx_word' id='word_1_21' title='bbox 468 512 665 575; x_wconf 87' lang='lat' dir='ltr'>copiosos</span> <span class='ocrx_word' id='word_1_22' title='bbox 684 514 832 559; x_wconf 84' lang='lat' dir='ltr'>asserat</span> <span class='ocrx_word' id='word_1_23' title='bbox 849 513 1031 561; x_wconf 78' lang='lat' dir='ltr'>fructus.</span> 
     </span>
    </p>

    <p class='ocr_par' dir='ltr' id='par_1_3' title="bbox 463 583 1865 2626">
     <span class='ocr_line' id='line_1_5' title="bbox 531 583 1848 647; baseline 0.004 -20"><span class='ocrx_word' id='word_1_24' title='bbox 531 583 590 629; x_wconf 89' lang='lat' dir='ltr'>ll.</span> <span class='ocrx_word' id='word_1_25' title='bbox 622 604 642 624; x_wconf 76' lang='lat' dir='ltr'>&lt;c</span> <span class='ocrx_word' id='word_1_26' title='bbox 664 584 874 630; x_wconf 86' lang='lat' dir='ltr'>Dominus</span> <span class='ocrx_word' id='word_1_27' title='bbox 897 585 1005 644; x_wconf 85' lang='lat' dir='ltr'>regit</span> <span class='ocrx_word' id='word_1_28' title='bbox 1031 602 1117 640; x_wconf 82' lang='lat' dir='ltr'>me,</span> <span class='ocrx_word' id='word_1_29' title='bbox 1144 595 1186 630; x_wconf 88' lang='lat' dir='ltr'>et</span> <span class='ocrx_word' id='word_1_30' title='bbox 1209 584 1321 631; x_wconf 89' lang='lat' dir='ltr'>nihil</span> <span class='ocrx_word' id='word_1_31' title='bbox 1345 586 1455 632; x_wconf 88' lang='lat' dir='ltr'>mihi</span> <span class='ocrx_word' id='word_1_32' title='bbox 1477 585 1613 631; x_wconf 87' lang='lat' dir='ltr'>deerit</span> <span class='ocrx_word' id='word_1_33' title='bbox 1629 585 1661 634; x_wconf 70' lang='lat'>1.</span> <span class='ocrx_word' id='word_1_34' title='bbox 1691 606 1707 630; x_wconf 75' lang='grc'>1)</span> <span class='ocrx_word' id='word_1_35' title='bbox 1731 587 1848 647; x_wconf 82' lang='lat' dir='ltr'>Mag-</span> 
     </span>
     <span class='ocr_line' id='line_1_6' title="bbox 468 654 1850 719; baseline 0.003 -20"><span class='ocrx_word' id='word_1_36' title='bbox 468 671 592 709; x_wconf 79' lang='lat' dir='ltr'>num,</span> <span class='ocrx_word' id='word_1_37' title='bbox 631 654 899 712; x_wconf 69' lang='lat' dir='ltr'>charissimi,</span> <span class='ocrx_word' id='word_1_38' title='bbox 919 656 1189 719; x_wconf 86' lang='lat' dir='ltr'>principium</span> <span class='ocrx_word' id='word_1_39' title='bbox 1220 657 1478 704; x_wconf 87' lang='lat' dir='ltr'>confitentis.</span> <span class='ocrx_word' id='word_1_40' title='bbox 1506 657 1714 703; x_wconf 87' lang='lat' dir='ltr'>Firmavit</span> <span class='ocrx_word' id='word_1_41' title='bbox 1735 657 1850 704; x_wconf 89' lang='lat' dir='ltr'>enim</span> 
     </span>
     <span class='ocr_line' id='line_1_7' title="bbox 468 723 1850 781; baseline 0.004 -13"><span class='ocrx_word' id='word_1_42' title='bbox 468 723 726 769; x_wconf 86' lang='lat' dir='ltr'>defensionis</span> <span class='ocrx_word' id='word_1_43' title='bbox 772 724 982 771; x_wconf 86' lang='lat' dir='ltr'>fiduciam</span> <span class='ocrx_word' id='word_1_44' title='bbox 1002 763 1011 781; x_wconf 81' lang='lat'><em>‚</em></span> <span class='ocrx_word' id='word_1_45' title='bbox 1067 725 1319 772; x_wconf 89' lang='lat' dir='ltr'>divitiarum</span> <span class='ocrx_word' id='word_1_46' title='bbox 1362 728 1587 773; x_wconf 79' lang='lat' dir='ltr'>roboravit</span> <span class='ocrx_word' id='word_1_47' title='bbox 1634 728 1850 773; x_wconf 90' lang='lat' dir='ltr'>infinitam</span> 
     </span>
     <span class='ocr_line' id='line_1_8' title="bbox 463 794 1851 857; baseline 0.004 -19"><span class='ocrx_word' id='word_1_48' title='bbox 463 794 764 843; x_wconf 80' lang='lat' dir='ltr'>substantiam.</span> <span class='ocrx_word' id='word_1_49' title='bbox 800 817 819 837; x_wconf 86' lang='lat'>«</span> <span class='ocrx_word' id='word_1_50' title='bbox 838 797 1049 842; x_wconf 85' lang='lat' dir='ltr'>Dominus</span> <span class='ocrx_word' id='word_1_51' title='bbox 1074 797 1180 857; x_wconf 85' lang='lat' dir='ltr'>regit</span> <span class='ocrx_word' id='word_1_52' title='bbox 1209 814 1276 842; x_wconf 87' lang='lat' dir='ltr'>me</span> <span class='ocrx_word' id='word_1_53' title='bbox 1293 834 1303 853; x_wconf 81' lang='lat'><strong>‚</strong></span> <span class='ocrx_word' id='word_1_54' title='bbox 1328 818 1348 838; x_wconf 69' lang='lat'>&gt;³</span> <span class='ocrx_word' id='word_1_55' title='bbox 1374 798 1571 843; x_wconf 80' lang='lat' dir='ltr'>firmavit</span> <span class='ocrx_word' id='word_1_56' title='bbox 1594 797 1851 844; x_wconf 87' lang='lat' dir='ltr'>defensionis</span> 
     </span>
     <span class='ocr_line' id='line_1_9' title="bbox 464 864 1851 923; baseline 0.002 -13"><span class='ocrx_word' id='word_1_57' title='bbox 464 864 686 913; x_wconf 84' lang='lat' dir='ltr'>fiduciam.</span> <span class='ocrx_word' id='word_1_58' title='bbox 731 887 751 907; x_wconf 81' lang='lat'>&lt;‹</span> <span class='ocrx_word' id='word_1_59' title='bbox 771 867 825 911; x_wconf 91' lang='lat' dir='ltr'>Et</span> <span class='ocrx_word' id='word_1_60' title='bbox 843 867 953 913; x_wconf 89' lang='lat' dir='ltr'>nihil</span> <span class='ocrx_word' id='word_1_61' title='bbox 980 868 1090 913; x_wconf 89' lang='lat' dir='ltr'>mihi</span> <span class='ocrx_word' id='word_1_62' title='bbox 1119 867 1282 923; x_wconf 75' lang='lat' dir='ltr'>deerit,</span> <span class='ocrx_word' id='word_1_63' title='bbox 1306 890 1324 909; x_wconf 84' lang='grc'>»</span> <span class='ocrx_word' id='word_1_64' title='bbox 1351 868 1577 914; x_wconf 82' lang='lat' dir='ltr'>roboravit</span> <span class='ocrx_word' id='word_1_65' title='bbox 1597 867 1851 914; x_wconf 87' lang='lat' dir='ltr'>divitiarum</span> 
     </span>
     <span class='ocr_line' id='line_1_10' title="bbox 466 935 1853 1003; baseline 0.004 -23"><span class='ocrx_word' id='word_1_66' title='bbox 466 935 683 981; x_wconf 90' lang='lat' dir='ltr'>infinitam</span> <span class='ocrx_word' id='word_1_67' title='bbox 708 938 1011 986; x_wconf 82' lang='lat' dir='ltr'>substantiam.</span> <span class='ocrx_word' id='word_1_68' title='bbox 1051 939 1135 985; x_wconf 80' lang='lat' dir='ltr'>Sed</span> <span class='ocrx_word' id='word_1_69' title='bbox 1165 956 1411 1003; x_wconf 72' lang='lat' dir='ltr'>quaeramus</span> <span class='ocrx_word' id='word_1_70' title='bbox 1439 943 1588 999; x_wconf 71' lang='lat' dir='ltr'>cujus,</span> <span class='ocrx_word' id='word_1_71' title='bbox 1615 939 1853 1003; x_wconf 78' lang='lat' dir='ltr'>quantique</span> 
     </span>
     <span class='ocr_line' id='line_1_11' title="bbox 468 1006 1848 1068; baseline 0.004 -19"><span class='ocrx_word' id='word_1_72' title='bbox 468 1006 668 1068; x_wconf 39' lang='lat' dir='ltr'>qualisve·</span> <span class='ocrx_word' id='word_1_73' title='bbox 682 1007 737 1052; x_wconf 90' lang='lat' dir='ltr'>sit</span> <span class='ocrx_word' id='word_1_74' title='bbox 755 1008 836 1053; x_wconf 85' lang='lat' dir='ltr'>ista</span> <span class='ocrx_word' id='word_1_75' title='bbox 863 1009 1085 1056; x_wconf 85' lang='lat' dir='ltr'>confessio.</span> <span class='ocrx_word' id='word_1_76' title='bbox 1111 1009 1255 1066; x_wconf 82' lang='lat' dir='ltr'>Illius,</span> <span class='ocrx_word' id='word_1_77' title='bbox 1290 1010 1405 1056; x_wconf 91' lang='lat' dir='ltr'>illius</span> <span class='ocrx_word' id='word_1_78' title='bbox 1427 1020 1489 1055; x_wconf 85' lang='lat' dir='ltr'>cst</span> <span class='ocrx_word' id='word_1_79' title='bbox 1507 1047 1517 1066; x_wconf 61' lang='lat'><em>9</em></span> <span class='ocrx_word' id='word_1_80' title='bbox 1552 1009 1848 1065; x_wconf 82' lang='lat' dir='ltr'>dilectissimi,</span> 
     </span>
     <span class='ocr_line' id='line_1_12' title="bbox 469 1077 1854 1140; baseline 0.002 -18"><span class='ocrx_word' id='word_1_81' title='bbox 469 1077 545 1140; x_wconf 89' lang='lat' dir='ltr'>qui</span> <span class='ocrx_word' id='word_1_82' title='bbox 570 1077 831 1125; x_wconf 87' lang='lat' dir='ltr'>descendens</span> <span class='ocrx_word' id='word_1_83' title='bbox 854 1097 902 1125; x_wconf 83' lang='lat' dir='ltr'>ex</span> <span class='ocrx_word' id='word_1_84' title='bbox 925 1080 1161 1126; x_wconf 72' lang='lat' dir='ltr'>Jerusalem</span> <span class='ocrx_word' id='word_1_85' title='bbox 1183 1081 1228 1126; x_wconf 89' lang='lat' dir='ltr'>in</span> <span class='ocrx_word' id='word_1_86' title='bbox 1256 1081 1451 1135; x_wconf 77' lang='lat' dir='ltr'>Jericho,</span> <span class='ocrx_word' id='word_1_87' title='bbox 1481 1080 1637 1126; x_wconf 86' lang='lat' dir='ltr'>incidit</span> <span class='ocrx_word' id='word_1_88' title='bbox 1659 1080 1705 1125; x_wconf 80' lang='lat' dir='ltr'>i&#39;n</span> <span class='ocrx_word' id='word_1_89' title='bbox 1722 1080 1854 1125; x_wconf 85' lang='lat' dir='ltr'>latro-</span> 
     </span>
     <span class='ocr_line' id='line_1_13' title="bbox 470 1148 1855 1215; baseline 0.001 -22"><span class='ocrx_word' id='word_1_90' title='bbox 470 1165 543 1194; x_wconf 86' lang='lat' dir='ltr'>nes</span> <span class='ocrx_word' id='word_1_91' title='bbox 556 1148 588 1195; x_wconf 72' lang='grc'>2.</span> <span class='ocrx_word' id='word_1_92' title='bbox 622 1149 710 1205; x_wconf 88' lang='lat' dir='ltr'>Qui</span> <span class='ocrx_word' id='word_1_93' title='bbox 731 1150 989 1214; x_wconf 82' lang='lat' dir='ltr'>dispoliatus</span> <span class='ocrx_word' id='word_1_94' title='bbox 1002 1152 1158 1215; x_wconf 82' lang='lat' dir='ltr'>primae</span> <span class='ocrx_word' id='word_1_95' title='bbox 1171 1152 1347 1211; x_wconf 82' lang='lat' dir='ltr'>originis</span> <span class='ocrx_word' id='word_1_96' title='bbox 1365 1152 1592 1211; x_wconf 78' lang='lat' dir='ltr'>dignitate,</span> <span class='ocrx_word' id='word_1_97' title='bbox 1617 1151 1855 1213; x_wconf 86' lang='lat' dir='ltr'>mortisque</span> 
     </span>
     <span class='ocr_line' id='line_1_14' title="bbox 472 1218 1857 1282; baseline 0.001 -19"><span class='ocrx_word' id='word_1_98' title='bbox 472 1218 555 1264; x_wconf 89' lang='lat' dir='ltr'>telo</span> <span class='ocrx_word' id='word_1_99' title='bbox 577 1231 819 1282; x_wconf 86' lang='lat' dir='ltr'>prostratus</span> <span class='ocrx_word' id='word_1_100' title='bbox 849 1222 986 1269; x_wconf 90' lang='lat' dir='ltr'>humo</span> <span class='ocrx_word' id='word_1_101' title='bbox 1017 1223 1105 1268; x_wconf 88' lang='lat' dir='ltr'>sine</span> <span class='ocrx_word' id='word_1_102' title='bbox 1124 1223 1290 1269; x_wconf 74' lang='lat' dir='ltr'>viribus</span> <span class='ocrx_word' id='word_1_103' title='bbox 1311 1223 1488 1281; x_wconf 79' lang='lat' dir='ltr'>jacebat</span> <span class='ocrx_word' id='word_1_104' title='bbox 1505 1232 1547 1267; x_wconf 87' lang='lat' dir='ltr'>et</span> <span class='ocrx_word' id='word_1_105' title='bbox 1578 1221 1734 1268; x_wconf 61' lang='lat' dir='ltr'>nudus</span> <span class='ocrx_word' id='word_1_106' title='bbox 1765 1219 1857 1277; x_wconf 86' lang='lat' dir='ltr'>Qui</span> 
     </span>
     <span class='ocr_line' id='line_1_15' title="bbox 473 1289 1856 1356; baseline 0.001 -22"><span class='ocrx_word' id='word_1_107' title='bbox 473 1289 580 1335; x_wconf 89' lang='lat' dir='ltr'>tuba</span> <span class='ocrx_word' id='word_1_108' title='bbox 597 1291 722 1351; x_wconf 82' lang='lat' dir='ltr'>Legis</span> <span class='ocrx_word' id='word_1_109' title='bbox 746 1302 788 1337; x_wconf 88' lang='lat' dir='ltr'>et</span> <span class='ocrx_word' id='word_1_110' title='bbox 808 1293 1132 1356; x_wconf 83' lang='lat' dir='ltr'>Prophetarum</span> <span class='ocrx_word' id='word_1_111' title='bbox 1156 1294 1400 1348; x_wconf 84' lang='lat' dir='ltr'>insonante,</span> <span class='ocrx_word' id='word_1_112' title='bbox 1439 1292 1542 1338; x_wconf 89' lang='lat' dir='ltr'>dum</span> <span class='ocrx_word' id='word_1_113' title='bbox 1562 1292 1647 1337; x_wconf 91' lang='lat' dir='ltr'>suis</span> <span class='ocrx_word' id='word_1_114' title='bbox 1673 1301 1856 1336; x_wconf 84' lang='lat' dir='ltr'>conatur</span> 
     </span>
     <span class='ocr_line' id='line_1_16' title="bbox 471 1362 1857 1425; baseline 0.001 -20"><span class='ocrx_word' id='word_1_115' title='bbox 471 1377 639 1421; x_wconf 81' lang='lat' dir='ltr'>surgere</span> <span class='ocrx_word' id='word_1_116' title='bbox 656 1362 842 1419; x_wconf 84' lang='lat' dir='ltr'>viribus,</span> <span class='ocrx_word' id='word_1_117' title='bbox 868 1364 1057 1410; x_wconf 85' lang='lat' dir='ltr'>vulneris</span> <span class='ocrx_word' id='word_1_118' title='bbox 1078 1364 1225 1410; x_wconf 87' lang='lat' dir='ltr'>dolore</span> <span class='ocrx_word' id='word_1_119' title='bbox 1247 1373 1475 1419; x_wconf 80' lang='lat' dir='ltr'>retractus,</span> <span class='ocrx_word' id='word_1_120' title='bbox 1500 1364 1547 1408; x_wconf 86' lang='lat' dir='ltr'>in</span> <span class='ocrx_word' id='word_1_121' title='bbox 1567 1362 1739 1425; x_wconf 84' lang='lat' dir='ltr'>lapsum</span> <span class='ocrx_word' id='word_1_122' title='bbox 1763 1378 1857 1421; x_wconf 83' lang='lat' dir='ltr'>gra·</span> 
     </span>
     <span class='ocr_line' id='line_1_17' title="bbox 470 1430 1853 1496; baseline 0.001 -20"><span class='ocrx_word' id='word_1_123' title='bbox 470 1430 565 1476; x_wconf 88' lang='lat' dir='ltr'>vius</span> <span class='ocrx_word' id='word_1_124' title='bbox 596 1432 750 1477; x_wconf 84' lang='lat' dir='ltr'>recidit</span> <span class='ocrx_word' id='word_1_125' title='bbox 773 1449 860 1496; x_wconf 88' lang='lat' dir='ltr'>quo</span> <span class='ocrx_word' id='word_1_126' title='bbox 874 1434 1066 1493; x_wconf 82' lang='lat' dir='ltr'>jacebat.</span> <span class='ocrx_word' id='word_1_127' title='bbox 1100 1455 1120 1474; x_wconf 78' lang='grc' dir='ltr'>α</span> <span class='ocrx_word' id='word_1_128' title='bbox 1156 1433 1270 1489; x_wconf 86' lang='lat' dir='ltr'>Quia</span> <span class='ocrx_word' id='word_1_129' title='bbox 1301 1435 1410 1485; x_wconf 74' lang='lat' dir='ltr'>Lex,</span> <span class='ocrx_word' id='word_1_130' title='bbox 1438 1442 1486 1478; x_wconf 89' lang='lat' dir='ltr'>ut</span> <span class='ocrx_word' id='word_1_131' title='bbox 1503 1433 1564 1478; x_wconf 86' lang='lat' dir='ltr'>ait</span> <span class='ocrx_word' id='word_1_132' title='bbox 1595 1431 1853 1495; x_wconf 74' lang='lat' dir='ltr'>ApostolUS‚</span> 
     </span>
     <span class='ocr_line' id='line_1_18' title="bbox 477 1500 1857 1565; baseline 0.001 -19"><span class='ocrx_word' id='word_1_133' title='bbox 477 1523 497 1543; x_wconf 70' lang='lat'>³&gt;</span> <span class='ocrx_word' id='word_1_134' title='bbox 524 1500 579 1546; x_wconf 89' lang='lat' dir='ltr'>ad</span> <span class='ocrx_word' id='word_1_135' title='bbox 596 1502 838 1565; x_wconf 87' lang='lat' dir='ltr'>perfectum</span> <span class='ocrx_word' id='word_1_136' title='bbox 860 1504 973 1549; x_wconf 88' lang='lat' dir='ltr'>nihil</span> <span class='ocrx_word' id='word_1_137' title='bbox 998 1503 1223 1549; x_wconf 79' lang='lat' dir='ltr'>adduxit3.</span> <span class='ocrx_word' id='word_1_138' title='bbox 1250 1524 1269 1544; x_wconf 84' lang='lat'>»</span> <span class='ocrx_word' id='word_1_139' title='bbox 1292 1503 1434 1559; x_wconf 87' lang='lat' dir='ltr'>Quem</span> <span class='ocrx_word' id='word_1_140' title='bbox 1467 1502 1763 1548; x_wconf 82' lang='lat' dir='ltr'>Samaritanus</span> <span class='ocrx_word' id='word_1_141' title='bbox 1787 1501 1857 1548; x_wconf 88' lang='lat' dir='ltr'>ille</span> 
     </span>
     <span class='ocr_line' id='line_1_19' title="bbox 472 1571 1858 1636; baseline -0.001 -18"><span class='ocrx_word' id='word_1_142' title='bbox 472 1581 634 1628; x_wconf 80' lang='lat' dir='ltr'>noster,</span> <span class='ocrx_word' id='word_1_143' title='bbox 665 1572 865 1618; x_wconf 80' lang='lat' dir='ltr'>Christus</span> <span class='ocrx_word' id='word_1_144' title='bbox 890 1573 1071 1629; x_wconf 85' lang='lat' dir='ltr'>scilicet,</span> <span class='ocrx_word' id='word_1_145' title='bbox 1099 1573 1175 1636; x_wconf 89' lang='lat' dir='ltr'>qui</span> <span class='ocrx_word' id='word_1_146' title='bbox 1216 1573 1512 1618; x_wconf 86' lang='lat' dir='ltr'>Samaritanus</span> <span class='ocrx_word' id='word_1_147' title='bbox 1533 1590 1556 1617; x_wconf 89' lang='lat' dir='ltr'>a</span> <span class='ocrx_word' id='word_1_148' title='bbox 1593 1571 1760 1617; x_wconf 75' lang='lat' dir='ltr'>Judaeis</span> <span class='ocrx_word' id='word_1_149' title='bbox 1796 1581 1858 1617; x_wconf 90' lang='lat' dir='ltr'>est</span> 
     </span>
     <span class='ocr_line' id='line_1_20' title="bbox 475 1641 1857 1707; baseline -0.001 -19"><span class='ocrx_word' id='word_1_150' title='bbox 475 1641 637 1698; x_wconf 85' lang='lat' dir='ltr'>dictus,</span> <span class='ocrx_word' id='word_1_151' title='bbox 659 1643 778 1706; x_wconf 85' lang='lat' dir='ltr'>quod</span> <span class='ocrx_word' id='word_1_152' title='bbox 802 1644 1113 1707; x_wconf 85' lang='lat' dir='ltr'>interpretatur</span> <span class='ocrx_word' id='word_1_153' title='bbox 1139 1653 1299 1699; x_wconf 81' lang='lat' dir='ltr'>custos,</span> <span class='ocrx_word' id='word_1_154' title='bbox 1322 1642 1566 1688; x_wconf 88' lang='lat' dir='ltr'>miserando</span> <span class='ocrx_word' id='word_1_155' title='bbox 1589 1659 1690 1687; x_wconf 89' lang='lat' dir='ltr'>cum</span> <span class='ocrx_word' id='word_1_156' title='bbox 1709 1641 1857 1687; x_wconf 85' lang='lat' dir='ltr'>cadem</span> 
     </span>
     <span class='ocr_line' id='line_1_21' title="bbox 476 1712 1859 1776; baseline -0.002 -17"><span class='ocrx_word' id='word_1_157' title='bbox 476 1713 543 1759; x_wconf 70' lang='lat' dir='ltr'>via</span> <span class='ocrx_word' id='word_1_158' title='bbox 570 1715 793 1767; x_wconf 57' lang='lat' dir='ltr'>transiret,</span> <span class='ocrx_word' id='word_1_159' title='bbox 815 1714 860 1760; x_wconf 89' lang='lat' dir='ltr'>id</span> <span class='ocrx_word' id='word_1_160' title='bbox 894 1725 955 1760; x_wconf 89' lang='lat' dir='ltr'>est</span> <span class='ocrx_word' id='word_1_161' title='bbox 972 1752 983 1771; x_wconf 73' lang='lat'>,</span> <span class='ocrx_word' id='word_1_162' title='bbox 1010 1732 1111 1761; x_wconf 87' lang='lat' dir='ltr'>cum</span> <span class='ocrx_word' id='word_1_163' title='bbox 1132 1715 1179 1760; x_wconf 87' lang='lat' dir='ltr'>in</span> <span class='ocrx_word' id='word_1_164' title='bbox 1203 1732 1330 1760; x_wconf 87' lang='lat' dir='ltr'>carne</span> <span class='ocrx_word' id='word_1_165' title='bbox 1345 1718 1487 1774; x_wconf 82' lang='lat' dir='ltr'>justus</span> <span class='ocrx_word' id='word_1_166' title='bbox 1511 1731 1590 1776; x_wconf 81' lang='lat' dir='ltr'>pro</span> <span class='ocrx_word' id='word_1_167' title='bbox 1618 1712 1745 1758; x_wconf 89' lang='lat' dir='ltr'>nobis</span> <span class='ocrx_word' id='word_1_168' title='bbox 1759 1729 1859 1775; x_wconf 85' lang='lat' dir='ltr'>pec-</span> 
     </span>
     <span class='ocr_line' id='line_1_22' title="bbox 476 1782 1859 1845; baseline -0.003 -15"><span class='ocrx_word' id='word_1_169' title='bbox 476 1783 698 1830; x_wconf 69' lang='lat' dir='ltr'>catoribus</span> <span class='ocrx_word' id='word_1_170' title='bbox 724 1785 833 1830; x_wconf 88' lang='lat' dir='ltr'>mori</span> <span class='ocrx_word' id='word_1_171' title='bbox 857 1786 1040 1831; x_wconf 88' lang='lat' dir='ltr'>venisset</span> <span class='ocrx_word' id='word_1_172' title='bbox 1057 1823 1068 1842; x_wconf 78' lang='lat'>,</span> <span class='ocrx_word' id='word_1_173' title='bbox 1095 1786 1140 1831; x_wconf 90' lang='lat' dir='ltr'>in</span> <span class='ocrx_word' id='word_1_174' title='bbox 1158 1789 1406 1845; x_wconf 87' lang='lat' dir='ltr'>jumentum</span> <span class='ocrx_word' id='word_1_175' title='bbox 1445 1801 1571 1830; x_wconf 87' lang='lat' dir='ltr'>suum</span> <span class='ocrx_word' id='word_1_176' title='bbox 1594 1821 1605 1840; x_wconf 72' lang='lat'>‚</span> <span class='ocrx_word' id='word_1_177' title='bbox 1643 1782 1812 1829; x_wconf 74' lang='lat' dir='ltr'>elevans</span> <span class='ocrx_word' id='word_1_178' title='bbox 1836 1799 1859 1827; x_wconf 85' lang='lat' dir='ltr'>a</span> 
     </span>
     <span class='ocr_line' id='line_1_23' title="bbox 478 1853 1860 1918; baseline -0.001 -19"><span class='ocrx_word' id='word_1_179' title='bbox 478 1864 607 1910; x_wconf 79' lang='lat' dir='ltr'>terra,</span> <span class='ocrx_word' id='word_1_180' title='bbox 636 1855 871 1918; x_wconf 79' lang='lat' dir='ltr'>imposuit3</span> <span class='ocrx_word' id='word_1_181' title='bbox 911 1867 952 1900; x_wconf 90' lang='lat' dir='ltr'>et</span> <span class='ocrx_word' id='word_1_182' title='bbox 972 1856 1244 1901; x_wconf 84' lang='lat' dir='ltr'>aberrantem</span> <span class='ocrx_word' id='word_1_183' title='bbox 1266 1866 1313 1901; x_wconf 90' lang='lat' dir='ltr'>ut</span> <span class='ocrx_word' id='word_1_184' title='bbox 1339 1872 1463 1900; x_wconf 79' lang='lat' dir='ltr'>ovem</span> <span class='ocrx_word' id='word_1_185' title='bbox 1492 1855 1750 1899; x_wconf 81' lang='lat' dir='ltr'>subvectans</span> <span class='ocrx_word' id='word_1_186' title='bbox 1770 1853 1860 1898; x_wconf 88' lang='grc'>1111-</span> 
     </span>
     <span class='ocr_line' id='line_1_24' title="bbox 479 1922 1856 1989; baseline -0.001 -20"><span class='ocrx_word' id='word_1_187' title='bbox 479 1925 606 1970; x_wconf 87' lang='lat' dir='ltr'>meris</span> <span class='ocrx_word' id='word_1_188' title='bbox 624 1926 838 1988; x_wconf 80' lang='lat' dir='ltr'>propriis,</span> <span class='ocrx_word' id='word_1_189' title='bbox 878 1927 921 1971; x_wconf 87' lang='lat' dir='ltr'>in</span> <span class='ocrx_word' id='word_1_190' title='bbox 956 1926 1206 1989; x_wconf 83' lang='lat' dir='ltr'>paradisum</span> <span class='ocrx_word' id='word_1_191' title='bbox 1224 1964 1235 1982; x_wconf 59' lang='lat'><em>9</em></span> <span class='ocrx_word' id='word_1_192' title='bbox 1274 1926 1389 1971; x_wconf 91' lang='lat' dir='ltr'>unde</span> <span class='ocrx_word' id='word_1_193' title='bbox 1422 1926 1568 1988; x_wconf 76' lang='lat' dir='ltr'>lapsus</span> <span class='ocrx_word' id='word_1_194' title='bbox 1593 1924 1732 1969; x_wconf 83' lang='lat' dir='ltr'>suerat</span> <span class='ocrx_word' id='word_1_195' title='bbox 1753 1961 1764 1978; x_wconf 79' lang='lat'>‚</span> <span class='ocrx_word' id='word_1_196' title='bbox 1806 1922 1856 1968; x_wconf 86' lang='lat' dir='ltr'>ad</span> 
     </span>
     <span class='ocr_line' id='line_1_25' title="bbox 475 1994 1854 2060; baseline -0.002 -18"><span class='ocrx_word' id='word_1_197' title='bbox 475 1996 791 2053; x_wconf 56' lang='lat' dir='ltr'>centenarium5</span> <span class='ocrx_word' id='word_1_198' title='bbox 813 1997 898 2042; x_wconf 89' lang='lat' dir='ltr'>hoc</span> <span class='ocrx_word' id='word_1_199' title='bbox 921 2008 1000 2053; x_wconf 71' lang='lat' dir='ltr'>cst,</span> <span class='ocrx_word' id='word_1_200' title='bbox 1022 1998 1075 2043; x_wconf 90' lang='lat' dir='ltr'>ad</span> <span class='ocrx_word' id='word_1_201' title='bbox 1102 1998 1345 2060; x_wconf 77' lang='lat' dir='ltr'>perfeetum</span> <span class='ocrx_word' id='word_1_202' title='bbox 1368 2013 1597 2041; x_wconf 88' lang='lat' dir='ltr'>numerum</span> <span class='ocrx_word' id='word_1_203' title='bbox 1622 1994 1854 2040; x_wconf 85' lang='lat' dir='ltr'>revocavit.</span> 
     </span>
     <span class='ocr_line' id='line_1_26' title="bbox 477 2065 1863 2131; baseline -0.002 -19"><span class='ocrx_word' id='word_1_204' title='bbox 477 2069 575 2131; x_wconf 85' lang='lat' dir='ltr'>Ipse</span> <span class='ocrx_word' id='word_1_205' title='bbox 595 2067 727 2123; x_wconf 83' lang='lat' dir='ltr'>enim,</span> <span class='ocrx_word' id='word_1_206' title='bbox 756 2078 803 2112; x_wconf 82' lang='lat' dir='ltr'>ut</span> <span class='ocrx_word' id='word_1_207' title='bbox 839 2069 899 2113; x_wconf 83' lang='lat' dir='ltr'>ait</span> <span class='ocrx_word' id='word_1_208' title='bbox 921 2068 1162 2131; x_wconf 74' lang='lat' dir='ltr'>Propheta,</span> <span class='ocrx_word' id='word_1_209' title='bbox 1190 2079 1369 2131; x_wconf 84' lang='lat' dir='ltr'>peccata</span> <span class='ocrx_word' id='word_1_210' title='bbox 1401 2076 1545 2111; x_wconf 86' lang='lat' dir='ltr'>nostra</span> <span class='ocrx_word' id='word_1_211' title='bbox 1578 2065 1789 2129; x_wconf 80' lang='lat' dir='ltr'>portavit,</span> <span class='ocrx_word' id='word_1_212' title='bbox 1821 2074 1863 2109; x_wconf 90' lang='lat' dir='ltr'>et</span> 
     </span>
     <span class='ocr_line' id='line_1_27' title="bbox 477 2134 1862 2202; baseline -0.003 -19"><span class='ocrx_word' id='word_1_213' title='bbox 477 2156 558 2202; x_wconf 86' lang='lat' dir='ltr'>pro</span> <span class='ocrx_word' id='word_1_214' title='bbox 580 2137 705 2183; x_wconf 89' lang='lat' dir='ltr'>nobis</span> <span class='ocrx_word' id='word_1_215' title='bbox 732 2137 914 2184; x_wconf 74' lang='lat' dir='ltr'>doluit‘2.</span> <span class='ocrx_word' id='word_1_216' title='bbox 939 2139 1022 2183; x_wconf 88' lang='lat' dir='ltr'>Dic</span> <span class='ocrx_word' id='word_1_217' title='bbox 1041 2142 1151 2198; x_wconf 76' lang='lat' dir='ltr'>jam,</span> <span class='ocrx_word' id='word_1_218' title='bbox 1172 2138 1322 2193; x_wconf 74' lang='lat' dir='ltr'>honio,</span> <span class='ocrx_word' id='word_1_219' title='bbox 1353 2136 1424 2182; x_wconf 91' lang='lat' dir='ltr'>dic</span> <span class='ocrx_word' id='word_1_220' title='bbox 1441 2138 1484 2182; x_wconf 90' lang='lat' dir='ltr'>in</span> <span class='ocrx_word' id='word_1_221' title='bbox 1503 2141 1702 2196; x_wconf 80' lang='lat' dir='ltr'>jumento</span> <span class='ocrx_word' id='word_1_222' title='bbox 1730 2134 1862 2180; x_wconf 91' lang='lat' dir='ltr'>mise-</span> 
     </span>
     <span class='ocr_line' id='line_1_28' title="bbox 477 2204 1861 2267; baseline -0.004 -13"><span class='ocrx_word' id='word_1_223' title='bbox 477 2207 696 2263; x_wconf 76' lang='lat' dir='ltr'>ricordiae‚</span> <span class='ocrx_word' id='word_1_224' title='bbox 742 2219 782 2253; x_wconf 86' lang='lat' dir='ltr'>et</span> <span class='ocrx_word' id='word_1_225' title='bbox 821 2208 1015 2254; x_wconf 87' lang='lat' dir='ltr'>humeris</span> <span class='ocrx_word' id='word_1_226' title='bbox 1051 2208 1293 2254; x_wconf 81' lang='lat' dir='ltr'>Dominicae</span> <span class='ocrx_word' id='word_1_227' title='bbox 1318 2207 1561 2253; x_wconf 80' lang='lat' dir='ltr'>dilectionis</span> <span class='ocrx_word' id='word_1_228' title='bbox 1580 2205 1746 2261; x_wconf 81' lang='lat' dir='ltr'>sedens,</span> <span class='ocrx_word' id='word_1_229' title='bbox 1787 2204 1861 2267; x_wconf 91' lang='lat' dir='ltr'>qui</span> 
     </span>
     <span class='ocr_line' id='line_1_29' title="bbox 480 2275 1864 2338; baseline -0.003 -15"><span class='ocrx_word' id='word_1_230' title='bbox 480 2278 677 2338; x_wconf 83' lang='lat' dir='ltr'>cognitus</span> <span class='ocrx_word' id='word_1_231' title='bbox 701 2279 970 2337; x_wconf 83' lang='lat' dir='ltr'>recognoscis</span> <span class='ocrx_word' id='word_1_232' title='bbox 989 2289 1209 2324; x_wconf 84' lang='lat' dir='ltr'>auctorem</span> <span class='ocrx_word' id='word_1_233' title='bbox 1229 2289 1353 2322; x_wconf 86' lang='lat' dir='ltr'>tuum</span> <span class='ocrx_word' id='word_1_234' title='bbox 1371 2287 1412 2320; x_wconf 88' lang='lat' dir='ltr'>et</span> <span class='ocrx_word' id='word_1_235' title='bbox 1437 2275 1670 2320; x_wconf 86' lang='lat' dir='ltr'>Dominum</span> <span class='ocrx_word' id='word_1_236' title='bbox 1694 2292 1704 2319; x_wconf 72' lang='grc' dir='ltr'>ε</span> <span class='ocrx_word' id='word_1_237' title='bbox 1729 2295 1750 2316; x_wconf 89' lang='lat'>«</span> <span class='ocrx_word' id='word_1_238' title='bbox 1770 2275 1864 2319; x_wconf 91' lang='lat' dir='ltr'>Do-</span> 
     </span>
     <span class='ocr_line' id='line_1_30' title="bbox 482 2345 1863 2410; baseline 0 -21"><span class='ocrx_word' id='word_1_239' title='bbox 482 2370 502 2389; x_wconf 83' lang='lat'>»</span> <span class='ocrx_word' id='word_1_240' title='bbox 525 2348 668 2393; x_wconf 86' lang='lat' dir='ltr'>minus</span> <span class='ocrx_word' id='word_1_241' title='bbox 695 2347 802 2407; x_wconf 84' lang='lat' dir='ltr'>regit</span> <span class='ocrx_word' id='word_1_242' title='bbox 826 2365 908 2395; x_wconf 82' lang='lat' dir='ltr'>me.</span> <span class='ocrx_word' id='word_1_243' title='bbox 937 2369 956 2389; x_wconf 63' lang='grc' dir='ltr'><strong>υ</strong></span> <span class='ocrx_word' id='word_1_244' title='bbox 994 2347 1124 2404; x_wconf 86' lang='lat' dir='ltr'>Quod</span> <span class='ocrx_word' id='word_1_245' title='bbox 1152 2348 1301 2410; x_wconf 79' lang='lat' dir='ltr'>utique</span> <span class='ocrx_word' id='word_1_246' title='bbox 1325 2384 1335 2402; x_wconf 77' lang='lat'><strong><em>‚</em></strong></span> <span class='ocrx_word' id='word_1_247' title='bbox 1374 2346 1455 2391; x_wconf 86' lang='lat' dir='ltr'>nisi</span> <span class='ocrx_word' id='word_1_248' title='bbox 1481 2364 1503 2390; x_wconf 86' lang='lat' dir='ltr'>a</span> <span class='ocrx_word' id='word_1_249' title='bbox 1529 2345 1717 2390; x_wconf 89' lang='lat' dir='ltr'>Domino</span> <span class='ocrx_word' id='word_1_250' title='bbox 1742 2361 1863 2390; x_wconf 87' lang='lat' dir='ltr'>erec—</span> 
     </span>
     <span class='ocr_line' id='line_1_31' title="bbox 482 2414 1864 2481; baseline -0.003 -18"><span class='ocrx_word' id='word_1_251' title='bbox 482 2428 568 2478; x_wconf 69' lang='lat' dir='ltr'>tus,</span> <span class='ocrx_word' id='word_1_252' title='bbox 594 2422 742 2478; x_wconf 84' lang='lat' dir='ltr'>jacens</span> <span class='ocrx_word' id='word_1_253' title='bbox 761 2416 907 2462; x_wconf 86' lang='lat' dir='ltr'>dicere</span> <span class='ocrx_word' id='word_1_254' title='bbox 928 2436 1014 2463; x_wconf 88' lang='grc'>11011</span> <span class='ocrx_word' id='word_1_255' title='bbox 1033 2434 1189 2481; x_wconf 80' lang='lat' dir='ltr'>posses.</span> <span class='ocrx_word' id='word_1_256' title='bbox 1222 2419 1319 2480; x_wconf 84' lang='lat' dir='ltr'>lpse</span> <span class='ocrx_word' id='word_1_257' title='bbox 1336 2433 1435 2475; x_wconf 85' lang='lat' dir='ltr'>ergo</span> <span class='ocrx_word' id='word_1_258' title='bbox 1456 2415 1564 2475; x_wconf 82' lang='lat' dir='ltr'>regit</span> <span class='ocrx_word' id='word_1_259' title='bbox 1585 2425 1642 2471; x_wconf 80' lang='lat' dir='ltr'>te,</span> <span class='ocrx_word' id='word_1_260' title='bbox 1664 2414 1737 2477; x_wconf 88' lang='lat' dir='ltr'>qui</span> <span class='ocrx_word' id='word_1_261' title='bbox 1757 2429 1864 2477; x_wconf 87' lang='lat' dir='ltr'>por-</span> 
     </span>
     <span class='ocr_line' id='line_1_32' title="bbox 484 2483 1865 2545; baseline -0.004 -12"><span class='ocrx_word' id='word_1_262' title='bbox 484 2498 545 2534; x_wconf 84' lang='lat' dir='ltr'>tat</span> <span class='ocrx_word' id='word_1_263' title='bbox 566 2498 619 2535; x_wconf 89' lang='lat' dir='ltr'>te.</span> <span class='ocrx_word' id='word_1_264' title='bbox 651 2488 764 2533; x_wconf 90' lang='lat' dir='ltr'>Cum</span> <span class='ocrx_word' id='word_1_265' title='bbox 792 2488 908 2533; x_wconf 84' lang='lat' dir='ltr'>enim</span> <span class='ocrx_word' id='word_1_266' title='bbox 929 2488 1068 2534; x_wconf 86' lang='lat' dir='ltr'>dicis:</span> <span class='ocrx_word' id='word_1_267' title='bbox 1098 2509 1116 2528; x_wconf 86' lang='grc'>«</span> <span class='ocrx_word' id='word_1_268' title='bbox 1145 2487 1358 2532; x_wconf 88' lang='lat' dir='ltr'>Dominus</span> <span class='ocrx_word' id='word_1_269' title='bbox 1378 2486 1486 2545; x_wconf 84' lang='lat' dir='ltr'>regit</span> <span class='ocrx_word' id='word_1_270' title='bbox 1514 2502 1581 2530; x_wconf 87' lang='lat' dir='ltr'>me</span> <span class='ocrx_word' id='word_1_271' title='bbox 1601 2504 1612 2538; x_wconf 89' lang='lat'>;</span> <span class='ocrx_word' id='word_1_272' title='bbox 1630 2483 1786 2530; x_wconf 57' lang='lat' dir='ltr'>»nihil</span> <span class='ocrx_word' id='word_1_273' title='bbox 1803 2493 1865 2528; x_wconf 89' lang='lat' dir='ltr'>est</span> 
     </span>
     <span class='ocr_line' id='line_1_33' title="bbox 484 2553 1864 2626; baseline -0.005 -21"><span class='ocrx_word' id='word_1_274' title='bbox 484 2559 729 2623; x_wconf 74' lang='lat' dir='ltr'>proprium,</span> <span class='ocrx_word' id='word_1_275' title='bbox 756 2558 872 2604; x_wconf 89' lang='lat' dir='ltr'>unde</span> <span class='ocrx_word' id='word_1_276' title='bbox 899 2558 1008 2605; x_wconf 85' lang='lat' dir='ltr'>fidas</span> <span class='ocrx_word' id='word_1_277' title='bbox 1030 2559 1074 2604; x_wconf 87' lang='lat' dir='ltr'>in</span> <span class='ocrx_word' id='word_1_278' title='bbox 1104 2569 1156 2605; x_wconf 87' lang='lat' dir='ltr'>te.</span> <span class='ocrx_word' id='word_1_279' title='bbox 1188 2559 1339 2626; x_wconf 79' lang='lat' dir='ltr'>Itaque</span> <span class='ocrx_word' id='word_1_280' title='bbox 1363 2572 1466 2602; x_wconf 78' lang='lat' dir='ltr'>cave</span> <span class='ocrx_word' id='word_1_281' title='bbox 1488 2573 1541 2601; x_wconf 89' lang='lat' dir='ltr'>ne</span> <span class='ocrx_word' id='word_1_282' title='bbox 1573 2553 1784 2601; x_wconf 84' lang='lat' dir='ltr'>extollaris</span> <span class='ocrx_word' id='word_1_283' title='bbox 1811 2553 1864 2599; x_wconf 85' lang='lat' dir='ltr'>de</span> 
     </span>
    </p>
   </div>
   <div class='ocr_carea' id='block_1_3' title="bbox 531 2642 1766 2693">
    <p class='ocr_par' dir='ltr' id='par_1_4' title="bbox 531 2642 1766 2693">
     <span class='ocr_line' id='line_1_34' title="bbox 531 2642 1766 2693; baseline -0.006 -11"><span class='ocrx_word' id='word_1_284' title='bbox 531 2652 539 2673; x_wconf 94' lang='lat'><strong>¹</strong></span> <span class='ocrx_word' id='word_1_285' title='bbox 557 2650 635 2682; x_wconf 78' lang='lat' dir='ltr'>Psal.</span> <span class='ocrx_word' id='word_1_286' title='bbox 656 2661 737 2693; x_wconf 77' lang='lat' dir='ltr'>xxti,</span> <span class='ocrx_word' id='word_1_287' title='bbox 759 2662 784 2681; x_wconf 88' lang='grc'>1.</span> <span class='ocrx_word' id='word_1_288' title='bbox 802 2667 846 2672; x_wconf 84' lang='grc'>--</span> <span class='ocrx_word' id='word_1_289' title='bbox 863 2648 878 2671; x_wconf 75' lang='lat'><strong>²</strong></span> <span class='ocrx_word' id='word_1_290' title='bbox 897 2653 971 2682; x_wconf 75' lang='lat' dir='ltr'>Luc.</span> <span class='ocrx_word' id='word_1_291' title='bbox 990 2660 1020 2687; x_wconf 79' lang='lat' dir='ltr'>x,</span> <span class='ocrx_word' id='word_1_292' title='bbox 1037 2650 1087 2681; x_wconf 88' lang='lat'>50.</span> <span class='ocrx_word' id='word_1_293' title='bbox 1102 2665 1146 2671; x_wconf 82' lang='lat'><strong>—</strong></span> <span class='ocrx_word' id='word_1_294' title='bbox 1161 2645 1174 2669; x_wconf 79' lang='lat'>3</span> <span class='ocrx_word' id='word_1_295' title='bbox 1194 2646 1290 2679; x_wconf 82' lang='lat' dir='ltr'>Hebr.</span> <span class='ocrx_word' id='word_1_296' title='bbox 1310 2658 1369 2685; x_wconf 72' lang='lat' dir='ltr'>vu,</span> <span class='ocrx_word' id='word_1_297' title='bbox 1392 2656 1442 2686; x_wconf 77' lang='lat'>19·</span> <span class='ocrx_word' id='word_1_298' title='bbox 1460 2663 1504 2668; x_wconf 94' lang='lat'>—</span> <span class='ocrx_word' id='word_1_299' title='bbox 1527 2642 1540 2666; x_wconf 69' lang='lat'><strong>⁴</strong></span> <span class='ocrx_word' id='word_1_300' title='bbox 1553 2645 1628 2676; x_wconf 78' lang='lat' dir='ltr'>lsai.</span> <span class='ocrx_word' id='word_1_301' title='bbox 1647 2655 1720 2681; x_wconf 70' lang='lat' dir='ltr'>nm,</span> <span class='ocrx_word' id='word_1_302' title='bbox 1737 2649 1766 2679; x_wconf 71' lang='grc'>4.</span> 
     </span>
    </p>
   </div>
   <div class='ocr_carea' id='block_1_4' title="bbox 1908 2457 1912 2580">
    <p class='ocr_par' dir='ltr' id='par_1_5' title="bbox 1908 2457 1912 2580">
     <span class='ocr_line' id='line_1_35' title="bbox 1908 2457 1912 2580; baseline 0 692"><span class='ocrx_word' id='word_1_303' title='bbox 1908 2457 1912 2580; x_wconf 95' lang='lat' dir='ltr'> </span> 
     </span>
    </p>
   </div>
  </div>
 </body>
</html>
