1942 3272
460 286 553 345 482
884 299 919 328 s.
961 272 1204 328 Aueus'nm
1239 296 1440 328 prscorr

461 390 484 412 ι)
506 364 725 413 tribulant
737 379 818 409 me⁴
844 361 1135 426 Impinguasti
1147 361 1193 407 in
1212 360 1304 408 oleo
1318 373 1452 427 caput
1463 379 1627 420 meum,
1643 375 1685 410 et
1701 380 1837 428 pocu-

461 463 483 484 ›>
507 438 601 486 lum
629 447 755 482 tuum
775 434 994 481 inebrians
1019 450 1149 497 quam
1178 433 1439 497 praeclarum
1463 433 1587 481 est1?
1603 458 1622 477 »
1643 435 1740 481 Hoc
1759 452 1837 499 per

460 510 613 559 orbem
635 518 849 553 terrarum
876 504 985 550 fulta
1012 504 1161 564 gratiae
1181 504 1340 550 baculo
1367 505 1563 552 universa
1589 517 1737 552 cantat
1755 508 1837 552 Ec-

461 581 603 629 clesia.
635 579 733 625 Hoc
754 575 957 622 adversus
980 574 1227 631 haereticos,
1259 575 1437 621 Judaeos
1453 614 1463 631 ,
1492 587 1621 639 atque
1640 576 1833 637 gentiles,

462 652 541 718 qui
563 667 655 697 eam
674 647 910 695 deridendo
934 646 1163 704 tribulant,
1187 646 1418 709 praedicat,
1448 648 1597 693 nonin
1615 665 1674 703 se,
1695 647 1768 694 sed
1791 648 1838 693 in

460 722 651 770 Domino
682 717 920 780 gloriando.
968 718 1116 762 Mensa
1156 733 1344 779 namque
1370 717 1658 777 jucunditatis
1696 718 1837 782 passio

462 791 628 841 Christi
651 801 713 837 est
728 827 739 845 ‚
768 788 844 853 qui
868 806 910 834 se
938 805 1018 852 pro
1042 787 1169 833 nobis
1195 787 1240 832 in
1260 805 1404 833 mensa
1427 788 1567 834 crucis
1593 788 1751 834 obtulit
1771 806 1839 834 sa-

459 863 674 912 crificium
698 862 790 906 Deo
814 859 952 914 Patri,
977 858 1144 903 donans
1174 857 1379 904 Ecclesiae
1404 876 1492 905 suae
1523 858 1754 905 catholicae
1776 859 1839 905 vi-

458 935 544 982 tale
563 930 833 987 convivium,
862 947 1043 992 corpore
1064 946 1139 974 suo
1161 946 1237 974 nos
1260 929 1460 975 videlicet
1479 930 1654 985 satians,
1692 941 1734 975 et
1751 929 1839 975 ine-

458 1007 608 1053 brians
624 1002 845 1063 sanguine.
877 1002 972 1046 Hac
997 1017 1139 1045 mensa
1162 1011 1283 1063 pasta
1303 1011 1344 1045 et
1373 1000 1606 1057 vivificata,
1638 1000 1840 1046 adversus

457 1095 531 1126 eos
560 1076 639 1141 qui
663 1073 878 1121 tribulant
911 1089 1003 1117 eam
1026 1109 1037 1128 ‚
1076 1072 1237 1117 exultat
1266 1071 1454 1118 Ecclesia
1475 1109 1486 1129 ‚
1522 1072 1690 1118 habens
1718 1089 1840 1136 spem

459 1149 563 1197 vitae
594 1157 766 1193 aeternae
796 1161 874 1207 per
901 1160 1021 1188 suam
1046 1142 1180 1187 vitam
1213 1143 1446 1188 Dominum
1479 1142 1732 1197 Christum,
1763 1142 1840 1205 qui

458 1237 554 1267 eam
588 1217 681 1264 oleo
707 1215 871 1262 laetitiae
902 1231 980 1278 per
1013 1224 1210 1259 sanctum
1242 1214 1454 1277 Spiritum
1492 1213 1614 1259 unxit
1643 1212 1833 1260 abunde.

458 1292 645 1354 Propter
661 1288 778 1333 hanc
802 1303 990 1332 mensam
1014 1285 1280 1348 corripiebat
1309 1285 1354 1330 in
1382 1284 1516 1330 idolio
1542 1284 1840 1330 recumbentes

460 1360 717 1409 Corinthios
748 1357 980 1421 Apostolus
1008 1356 1187 1401 dicens:
1221 1377 1241 1396 «
1264 1358 1359 1400 lNon
1390 1355 1567 1418 potestis
1591 1354 1840 1400 communi-

460 1454 482 1477 »
507 1448 604 1478 care
627 1444 787 1475 mensae
811 1426 1036 1471 Dominiet
1052 1442 1210 1470 mensae
1226 1425 1544 1470 daemoniorum
1563 1443 1573 1470 :
1594 1443 1680 1470 non
1699 1435 1840 1488 potes-

460 1525 483 1547 »
506 1503 559 1548 tis
574 1500 726 1547 bibere
748 1497 928 1542 calicem
958 1495 1152 1551 Domini,
1174 1506 1217 1540 et
1238 1495 1417 1541 calicem
1437 1495 1795 1542 daemoniorum2.
1819 1517 1841 1538 ›>

523 1573 625 1619 Vll.
668 1570 782 1615 Cum
807 1585 883 1615 vos
906 1584 1004 1627 ergo
1026 1566 1173 1612 divina
1197 1566 1333 1626 gratia
1348 1603 1360 1623 ‚
1387 1566 1444 1612 ad
1468 1584 1601 1630 quam
1626 1584 1842 1631 propera·

457 1645 530 1700 tis,
552 1639 797 1693 advexerit3
828 1636 1092 1698 cognoscetis
1112 1654 1302 1683 mensam
1333 1637 1538 1701 spiritalis
1558 1638 1765 1693 convivii,
1793 1648 1842 1684 ut

460 1715 605 1777 agnita
623 1711 804 1759 veritate
829 1707 1126 1771 unusquisque
1153 1718 1342 1754 vestrum
1366 1707 1559 1755 exultans
1576 1746 1588 1766 ‚
1618 1719 1662 1754 et
1683 1709 1842 1769 gratias

461 1802 590 1848 agens
617 1785 727 1839 Deo,
760 1784 852 1841 jam
876 1789 1171 1843 competenter
1197 1789 1241 1824 et
1271 1778 1534 1825 fiducialiter
1571 1779 1721 1825 dicat:
1749 1779 1842 1824 «Et

459 1880 481 1901 >)
504 1852 795 1903 misericordia
814 1863 889 1897 tua
916 1851 1205 1914 subsequetur
1233 1867 1300 1895 me
1323 1850 1528 1896 omnibus
1546 1849 1702 1896 diebus
1737 1851 1841 1897 vitae

459 1951 482 1973 »
504 1925 655 1974 Ῑῃρερὸ,
677 1946 698 1966 »
733 1925 942 1982 Magnum
967 1931 1006 1966 te
1029 1920 1177 1979 gloriae
1197 1920 1400 1966 solatium.
1421 1921 1667 1968 comitatur.
1694 1922 1841 1985 Prop-

460 2010 527 2046 ter
552 1995 769 2044 miseriam
798 1991 1002 2038 videlicet
1035 1990 1299 2036 infirmitatis
1326 2001 1414 2037 tuae
1435 2027 1447 2048 ,
1478 1989 1772 2038 misericordia
1801 2002 1842 2037 te

460 2069 541 2116 Dei
575 2064 867 2129 subsequitur.
907 2061 993 2108 Sed
1014 2061 1136 2125 prius
1164 2071 1213 2106 ut
1232 2061 1313 2106 iter
1335 2062 1420 2107 tibi
1442 2061 1545 2108 vitae
1576 2071 1751 2108 aeternae
1772 2061 1842 2108 de-

459 2147 686 2193 monstret,
707 2133 921 2200 praevenit
948 2143 989 2177 te
1005 2169 1015 2188 ‚
1053 2131 1099 2177 id
1126 2142 1188 2176 est
1204 2168 1214 2188 ,
1239 2132 1456 2178 antecedit
1488 2142 1554 2190 te,
1600 2131 1841 2178 secundum

462 2210 583 2277 quod
610 2208 719 2254 dicit
751 2205 798 2251 in
838 2204 921 2250 alio
946 2202 1117 2248 Psalmo
1141 2220 1152 2247 ε
1182 2224 1203 2245 (ι
1225 2204 1340 2248 Deus
1379 2219 1521 2259 meus,
1547 2201 1841 2248 misericordia

462 2306 482 2326 »
511 2285 601 2341 ejus
630 2276 867 2342 praeveniet
894 2273 1008 2320 'melfi
1032 2296 1052 2316 »
1087 2274 1305 2320 Praevenit
1334 2290 1433 2333 ergo
1472 2284 1514 2319 te
1545 2273 1841 2319 misericordia

461 2359 569 2415 ejus,
595 2350 642 2397 id
665 2358 742 2404 est,
761 2347 805 2392 in
828 2346 943 2391 viam
967 2356 1007 2389 te
1032 2344 1155 2390 ducit
1180 2347 1448 2404 ignorantem
1469 2345 1600 2399 viam,
1624 2344 1677 2390 ad
1704 2346 1840 2390 Deum

460 2437 504 2471 te
526 2431 655 2470 vocat
677 2419 801 2478 longe
819 2416 984 2462 factum
1009 2433 1032 2460 a
1054 2416 1169 2468 Deo;
1190 2432 1362 2461 servum
1378 2415 1548 2479 peccati
1567 2415 1766 2472 attrahit,
1790 2426 1841 2461 ut

462 2496 652 2542 liberum
669 2488 817 2545 faciat,
838 2497 887 2533 ut
903 2485 1169 2532 ambulando
1190 2485 1237 2531 in
1256 2486 1325 2532 via
1348 2486 1550 2531 omnibus
1563 2485 1717 2532 diebus
1736 2485 1840 2533 vitae

510 2595 521 2617 ¹
557 2593 636 2625 Psal.
656 2602 740 2631 xxxx,
760 2590 790 2622 5.
816 2605 861 2612 —
882 2586 899 2610 2
929 2600 941 2619 1
981 2589 1054 2620 Cor.
1083 2599 1117 2632 x,
1152 2599 1205 2627 20,
1236 2598 1290 2619 21.
1319 2604 1362 2612 —-
1382 2584 1397 2609 3
1423 2588 1504 2620 Psal.
1534 2598 1618 2632 xxn,
1643 2587 1674 2618 6.
1694 2582 1835 2621 —-⁴1d,

462 2658 559 2691 tvm,
585 2657 635 2679 11.
