1863 3246
263 309 405 340 senno
440 308 612 350 cccmx,
652 308 706 339 1)ss
743 307 1020 351 conconmA,
1057 310 1151 341 Ere.
1335 297 1428 347 385

57 395 79 418 »
102 374 254 430 sentio,
278 391 366 422 non
381 375 537 436 effugio
572 392 725 422 manus
744 386 905 423 vestras
926 393 936 421 :
959 374 1111 422 melius
1133 387 1277 424 autem
1300 390 1363 427 est
1382 381 1429 429 in

56 465 77 488 >2
101 463 255 492 manus
278 457 438 494 vestras
454 445 646 492 incidere
666 484 677 504 ‚
711 463 845 511 quam
864 451 959 514 Deo
979 445 1162 510 perirel.
1187 470 1208 490 »
1229 449 1348 507 Quid
1366 462 1429 499 est

55 528 198 565 autem
224 536 236 565 :
265 539 287 560 «
305 516 458 564 Melius
492 528 554 563 est
584 517 630 564 in
664 535 818 565 manus
847 528 1006 566 vestras
1039 517 1228 566 incidere
1246 557 1257 578 ,
1296 539 1430 586 quam

55 610 76 631 »
101 590 192 635 Deo
230 589 400 653 perire?
423 610 444 631 »
469 589 555 635 Vos
595 589 684 635 Deo
723 589 910 653 peristis,
958 588 1034 652 qui
1072 588 1171 636 talia
1216 594 1424 655 quaeritis.

55 661 169 720 Ergo
197 661 314 707 hanc
339 660 531 720 regulam
554 671 705 707 tenete.
749 662 858 707 Date
880 659 1057 724 quando
1085 661 1313 724 petimini,
1351 667 1429 713 etsi

0 737 1 787 l
53 748 141 777 non
159 731 246 778 hoc
269 731 388 795 quod
409 731 624 796 petimini.
651 731 748 777 Hoc
764 731 867 778 fecit
888 730 1114 779 Dominus.
1142 733 1324 781 Petebat
1336 735 1428 795 ille,

53 802 191 867 quid?
226 802 482 849 divisionem
518 802 800 850 haereditatis.
849 802 982 848 Dedit
1015 803 1256 862 Dominus,
1292 807 1430 870 quid?

51 874 395 938 peremptionem
421 873 690 938 cupiditatis
724 873 843 931 Quid
867 874 1075 938 petebat?
1096 874 1203 938 quid
1229 879 1430 943 accepit?

0 945 3 964 ²
51 965 72 986 «
96 945 178 991 Dic
200 945 324 991 fratri
359 962 482 1001 mco,
522 956 569 990 ut
606 944 774 991 dividat
796 961 969 991 mecum
997 945 1314 997 haereditatem.
1349 950 1433 996 Dic

52 1036 73 1057 >2
98 1015 249 1071 homo,
278 1016 375 1079 quis
400 1034 467 1062 me
498 1015 726 1061 constituit
748 1015 979 1062 divisorem
1014 1015 1285 1065 haereditatis
1320 1019 1434 1067 inter

4 1108 5 1111 =
51 1107 72 1128 »
95 1088 203 1131 vos?
231 1086 321 1142 Ego
345 1096 489 1128 autem
520 1083 618 1129 dico
641 1085 765 1129 vobis
784 1103 794 1128 :
817 1102 840 1125 ›>
860 1083 996 1147 quid?
1014 1104 1032 1126 <-
1049 1084 1209 1132 Cavete
1239 1089 1294 1133 ab
1313 1091 1433 1138 omni

0 1186 1 1190 η
51 1177 73 1197 »
100 1153 388 1217 cupiditate2.
416 1176 436 1195 »
460 1154 516 1199 Et
555 1153 655 1200 dico
699 1170 846 1217 quare.
898 1155 1024 1200 Forte
1060 1155 1175 1202 enim
1198 1156 1431 1208 dimidium

0 1216 1 1222 ¹
50 1223 318 1270 haereditatis
342 1223 504 1270 adhoc
537 1224 666 1288 petis,
697 1234 746 1270 ut
769 1223 967 1272 ditescas.
1010 1225 1127 1272 Audi
1155 1244 1166 1272 ε
1193 1229 1434 1279 «Hominis

4 1343 5 1350 ἵ
50 1317 71 1338 ι)
95 1295 324 1357 cujusdam
365 1294 511 1342 divitis
540 1295 743 1341 successit
783 1295 899 1355 regio
921 1332 932 1352 ‚
955 1317 976 1338 »
1007 1312 1226 1345 successus
1254 1317 1434 1362 magnos

5 1419 7 1423 ,
48 1365 224 1424 habuit,
251 1377 293 1412 et
311 1366 456 1412 multis
479 1366 698 1412 fructibus
715 1365 970 1412 foecundata
996 1377 1073 1414 est,
1102 1369 1200 1415 «Et
1223 1372 1431 1432 cogitavit

4 1425 7 1446 l
50 1459 72 1479 »
95 1439 215 1503 apud
240 1456 281 1485 se
305 1438 483 1485 dicens:
513 1438 634 1496 Quid
662 1438 846 1496 faciam,
872 1455 961 1502 quo
992 1456 1245 1501 congregem
1265 1442 1433 1493 fructus

5 1513 9 1523 ¹
51 1530 72 1552 >J
97 1512 244 1556 meos?
262 1532 282 1552 »
305 1511 361 1555 Et
378 1509 605 1570 diligenter
624 1509 818 1569 cogitans
840 1526 851 1553 :
879 1530 899 1550 «
921 1510 1091 1567 Inveni,
1114 1510 1258 1575 inquit
1279 1551 1290 1570 ‚
1323 1515 1433 1579 quid

7 1595 10 1608 2
51 1601 72 1622 »
96 1580 268 1627 faciam.
297 1581 528 1626 Destruam
545 1590 706 1626 veteres
726 1579 982 1642 apothecas,
1008 1579 1166 1627 faciam
1184 1600 1334 1641 novas,
1353 1586 1435 1632 im-

51 1671 72 1693 »
94 1650 228 1714 plebo
245 1667 327 1698 eas.
353 1672 374 1692 >›
397 1654 585 1711 Majores
603 1650 717 1696 enim
736 1650 912 1706 faciam,
943 1667 1074 1713 quam
1104 1664 1226 1699 erant
1250 1666 1425 1704 veteres.

49 1743 70 1763 «
96 1723 151 1767 lit
168 1722 312 1768 dicam
336 1722 492 1768 animae
518 1738 653 1767 meae:
677 1722 823 1767 lIabes
844 1720 980 1768 multa
1005 1722 1139 1780 bona,
1161 1725 1331 1780 satiare,
1354 1731 1432 1787 Ju-

11 1830 13 1834 ,
49 1813 70 1834 »
97 1792 301 1840 cundare.
329 1815 349 1835 »
394 1793 466 1840 Ait
486 1792 549 1838 illi
576 1794 689 1838 Deus
712 1810 722 1837 ε
746 1813 767 1835 c<
786 1791 944 1849 Stulte,
969 1813 990 1834 »
1025 1793 1102 1856 qui
1123 1793 1250 1841 valde
1274 1796 1433 1844 videris

11 1877 14 1922 ζ
49 1880 135 1909 esse
158 1863 362 1910 cordatus
386 1882 397 1909 ι
425 1863 538 1909 nosti
567 1863 684 1909 enim
709 1862 928 1908 destruere
951 1873 1094 1909 vetera
1111 1901 1121 1920 ,
1148 1875 1190 1910 et
1214 1865 1433 1914 aedilicare

49 1951 160 1982 nova
177 1972 188 1992 ,
210 1945 251 1981 et
278 1946 325 1980 tu
357 1936 403 1981 in
425 1945 635 1982 vetustate
659 1934 796 1981 ruinae
831 1934 1094 1990 remansisti,
1119 1935 1198 1999 qui
1219 1948 1361 1984 vetera
1385 1939 1431 1986 in

14 2035 17 2070 3
50 2015 90 2050 te
111 2006 206 2070 ipso
239 2006 454 2052 destruere
480 2006 687 2061 debuisti,
730 2016 776 2051 ut
802 2009 895 2065 jam
936 2016 1103 2052 terrena
1125 2024 1213 2052 non
1243 2025 1424 2072 sapereS.

15 2077 17 2107 l
49 2097 70 2117 «
89 2077 246 2133 Stulte,
272 2099 292 2119 »
317 2077 424 2140 quid
448 2076 591 2124 dixisti
609 2081 627 2122 ἱ)
653 2077 724 2122 cui
742 2076 917 2121 dixisti?
944 2077 1113 2121 Animae
1138 2087 1226 2122 tuae
1252 2078 1395 2127 dixisti
1417 2099 1428 2127 ι

17 2183 19 2211 3
49 2168 69 2188 «
96 2148 348 2195 Jucundare
369 2186 380 2205 ,
413 2148 548 2193 habes
580 2147 715 2192 multa
750 2146 882 2192 bona.
922 2146 1016 2191 Hac
1053 2158 1178 2192 nocte
1215 2160 1432 2213 repetetur

18 2214 19 2238 ³
49 2239 71 2262 >v
94 2220 236 2265 anima
263 2230 353 2276 tua,
378 2242 397 2261 »
415 2219 486 2265 cui
507 2217 604 2263 talia
626 2216 859 2281 promisisti
885 2234 895 2262 :
923 2237 943 2258 «
966 2218 1078 2274 Quae
1099 2220 1333 2282 promisisti
1353 2239 1429 2269 cu-

18 2291 21 2321 3
48 2294 162 2350 »jus
197 2294 351 2336 erunt?
386 2289 483 2335 [Noli
507 2306 609 2349 ergo
636 2289 783 2334 timere
802 2326 812 2339 ,
854 2304 954 2333 cum
983 2288 1102 2335 dives
1131 2290 1270 2337 faetus
1301 2292 1430 2340 fuerit

20 2391 23 2408 i
49 2382 70 2403 >›
94 2362 227 2407 homo
243 2399 254 2413 ,
289 2362 390 2424 quia
415 2378 500 2407 non
525 2377 625 2406 ‹tum
652 2360 887 2415 morietur,
911 2359 1095 2423 accipiet
1118 2378 1164 2406 ea
1178 2361 1209 2409 ³.
1239 2384 1257 2403 n

114 2432 188 2478 lv.
231 2432 344 2476 Ecce
382 2432 508 2494 quale
543 2431 771 2477 eonsilium
814 2430 1027 2476 Dominus
1063 2432 1270 2478 fratribus
1308 2434 1430 2483 dedit

22 2507 25 2543 ἑ
48 2500 376 2555 dissidentibus,
405 2518 494 2565 quo
514 2500 750 2547 concordes
774 2512 926 2552 essent,
960 2512 1008 2548 ut
1032 2513 1227 2548 carerent
1247 2504 1427 2568 eupidi-

24 2578 25 2583 ’
49 2583 153 2629 tate,
183 2584 225 2620 et
253 2573 462 2620 continuo
492 2573 776 2637 implerentur
802 2573 996 2620 veritate.
1033 2573 1306 2620 Inveniamus
1328 2593 1429 2638 ergo

98 2663 109 2687 Ι
133 2665 214 2695 Dan.
233 2674 308 2702 χιιι,
329 2674 382 2695 22.
403 2680 447 2687 —
465 2661 482 2685 '²
499 2665 574 2696 Luc.
594 2674 656 2706 nn,
681 2664 732 2707 13,
754 2667 784 2694 et
803 2673 893 2706 seqq.
914 2680 956 2688 —
972 2659 1084 2695 31'5111.
1106 2673 1223 2702 xm'nt,
1244 2675 1294 2701 ιτ.
1317 2668 1368 2700 us.

181 2731 367 2763 cxxviii.
1236 2717 1296 2761 25»
