1999 3282
534 342 590 389 72
949 337 982 366 S·
1026 335 1264 366 AUGUSTINI
1299 336 1499 368 EPISCOPI

529 418 626 453 tum
649 419 804 460 emere,
822 402 969 448 offerre
989 402 1079 447 Deo
1100 402 1441 466 acceptissimum
1463 420 1637 461 munus,
1657 404 1889 468 incorrup—

527 490 619 525 tam
661 475 867 522 virtutem
906 474 1060 520 mentis
1078 510 1088 530 ,
1134 473 1380 520 incolumen
1418 475 1589 521 laudem
1624 475 1888 530 devotioni83

526 548 754 595 Christum
802 545 1024 601 comitari,
1051 562 1151 590 cum
1181 546 1323 591 Venire
1353 546 1536 609 coeperit
1566 547 1804 593 vindictam
1837 546 1890 592 de

527 617 714 666 inimicis
738 627 1012 680 recepturus;
1042 615 1164 661 lateri
1179 620 1268 676 ejus
1288 616 1475 662 assistere
1492 654 1504 673 ,
1523 634 1623 663 cum
1644 616 1800 664 sederit
1811 621 1889 677 ju-

526 690 777 742 dicaturus3
807 687 1076 733 cohaeredem
1104 687 1268 733 Christi
1298 688 1406 744 fieri,
1448 687 1619 748 Angelis
1640 688 1886 752 adaequari,

524 779 626 808 cum
649 758 932 815 PatriarcliiS‚
952 775 1051 804 cum
1069 758 1301 822 ApostoliS‚
1333 775 1433 804 cum
1456 759 1705 823 Prophetis,
1733 759 1889 806 coeles-

521 833 577 878 tis
595 832 714 892 regni
733 830 991 895 possessione
1011 829 1173 875 laetari?
1200 830 1287 875 Has
1311 829 1587 889 cogitationes
1614 847 1712 894 quae
1740 847 1889 894 perse-

521 903 641 949 cutio
676 912 818 966 potest
845 901 1040 956 vincere.
1076 917 1173 963 quae
1208 910 1389 963 possunt
1420 911 1631 946 tormenta
1659 904 1887 964 superare?

522 975 660 1029 Dura,
684 972 824 1028 fortis,
854 982 896 1017 et
914 971 1078 1017 stabilis
1097 970 1301 1031 religiosis
1326 971 1679 1017 meditationibus
1706 971 1890 1018 fundata

521 1062 659 1102 mens,
678 1056 721 1090 et
739 1043 938 1089 adversus
956 1060 1100 1088 omnes
1121 1042 1277 1087 Zabuli
1304 1054 1484 1088 terrores
1503 1053 1545 1088 et
1576 1043 1715 1088 minas
1735 1042 1889 1088 mundi

520 1116 690 1161 animus
716 1113 950 1159 immobilis
973 1123 1162 1177 perstat,
1200 1131 1328 1176 quem
1360 1114 1604 1159 futurorum
1637 1112 1742 1158 fides
1773 1123 1889 1159 certa

518 1197 560 1232 et
579 1186 714 1249 solida
728 1184 992 1231 corroborat.
1015 1184 1292 1230 Clauduntur
1303 1184 1417 1231 oculi
1431 1185 1474 1229 in
1488 1184 1883 1248 persecutionibus:

517 1257 592 1302 sed
610 1267 731 1321 patet
746 1255 921 1302 coelum.
952 1255 1142 1300 Minatur
1164 1256 1472 1311 Antichristus.
1500 1255 1572 1300 sed
1584 1265 1727 1300 tuetur
1741 1254 1887 1300 Chris-

518 1338 603 1373 tuS.
644 1327 759 1372 Mors
795 1325 976 1371 infertur
992 1363 1003 1381 ,
1037 1325 1110 1370 sed
1148 1325 1447 1371 immortalitas
1488 1324 1693 1388 sequitur.
1731 1324 1886 1370 Occiso

518 1397 709 1444 mundus
726 1397 924 1461 eripitur,
957 1396 1029 1442 sed
1046 1397 1240 1442 restituto
1266 1397 1490 1461 paradisus
1519 1396 1758 1444 exhibetur.
1789 1395 1888 1442 Vita

517 1467 766 1532 temporalis
783 1467 1061 1527 extinguitur,
1084 1467 1155 1513 sed
1183 1478 1340 1514 aeterna
1360 1478 1597 1531 reparatur.
1630 1467 1805 1524 Quanta
1826 1477 1888 1512 est

514 1539 698 1600 dignitas
719 1550 759 1584 et
784 1550 946 1603 quanta
964 1539 1164 1585 securitas
1188 1540 1296 1585 exire
1323 1539 1429 1585 hinc
1449 1539 1598 1585 laetum
1617 1576 1627 1594 ,
1649 1539 1756 1584 exire
1776 1538 1887 1583 inter

514 1627 732 1674 pressuras
754 1621 797 1656 et
818 1611 1033 1671 angustias
1071 1610 1331 1670 gloriosum3
1355 1610 1553 1655 claudere
1586 1610 1633 1655 in
1667 1619 1885 1655 momento

514 1681 678 1738 oculos,
701 1681 861 1744 quibus
893 1681 1090 1726 homines
1116 1681 1378 1726 videbantur
1403 1692 1445 1725 et
1477 1679 1693 1734 mundus3
1721 1680 1885 1743 aperire

513 1769 582 1797 eos
604 1753 771 1808 statim,
802 1763 850 1797 ut
880 1752 995 1797 Deus
1018 1751 1215 1797 videatur
1231 1789 1241 1807 ,
1270 1751 1399 1797 etiam
1423 1750 1604 1796 feliciter
1635 1749 1877 1810 migrando.

516 1824 693 1880 Quanta
724 1822 953 1868 velocitas?
987 1822 1129 1867 Terris
1161 1832 1336 1885 repente
1367 1821 1596 1867 retraheris
1614 1858 1624 1876 ,
1668 1831 1715 1865 ut
1745 1819 1885 1880 regnis

518 1893 766 1940 coelestibus
788 1893 1019 1956 reponaris.
1051 1893 1157 1938 Haec
1189 1902 1360 1955 oportet
1386 1902 1528 1937 mente
1562 1901 1603 1936 et
1624 1891 1885 1954 cogitatione

518 1963 764 2028 complecti,
785 1963 883 2009 haec
905 1963 973 2008 die
1002 1981 1050 2008 ac
1071 1974 1194 2008 nocte
1219 1963 1430 2008 meditari.
1460 1962 1504 2006 Si
1528 1961 1656 2007 talem
1676 1978 1885 2024 persecu-

518 2035 580 2079 tio
603 2034 820 2098 invenerit
851 2034 929 2078 Dei
962 2033 1168 2086 militem.
1200 2033 1317 2078 vinci
1355 2050 1442 2077 non
1471 2032 1630 2095 poterit
1663 2032 1798 2077 virtus
1830 2032 1884 2078 ad

518 2104 719 2168 praelium
737 2113 955 2167 prompta.
977 2103 1013 2148 V
1016 2102 1053 2147 cl
1071 2103 1103 2148 si
1120 2103 1339 2148 accersitio
1354 2113 1450 2147 ante
1466 2102 1732 2165 pervenerit3
1757 2102 1878 2159 fidei,

519 2191 615 2237 quae
631 2184 721 2219 erat
738 2173 790 2220 ad
813 2173 1067 2236 martyrium
1089 2184 1351 2236 praeparata,
1379 2173 1465 2217 sine
1481 2172 1639 2218 damno
1656 2172 1878 2236 temporis,

517 2261 677 2289 merces
700 2245 790 2289 Deo
816 2243 963 2303 judice
995 2243 1202 2289 redditur.
1235 2244 1286 2289 ln
1314 2243 1608 2307 persecutione
1640 2242 1812 2300 militia,
1835 2242 1880 2289 in

518 2332 624 2379 pace
647 2325 885 2361 constantia
904 2325 1148 2360 coronatur.
