1942 3272
476 274 538 341 98
899 284 934 313 s.
977 283 1221 313 AUGUSTINI
1257 283 1458 314 izrlscom

474 352 709 404 infidelitas
731 345 1055 414 persequentis?
1074 348 1117 393 Si
1136 348 1295 411 quaeris
1314 349 1505 406 exilium,
1527 366 1615 413 quo
1637 349 1848 396 Christia-

473 443 557 474 nus
577 423 787 485 jubeatur
814 421 898 473 ire3
929 418 1050 483 prius
1082 418 1116 463 si
1142 429 1263 482 potes
1280 457 1290 476 ‚
1331 418 1477 464 inveni
1505 420 1620 465 unde
1646 420 1846 467 Christus

476 506 657 557 cogatur
683 491 806 538 exire.
835 491 900 535 De
922 489 1064 553 patria
1088 505 1163 534 sua
1183 490 1229 534 in
1253 489 1436 534 alienam
1460 500 1502 535 te
1526 490 1750 536 arbitraris
1779 508 1846 536 ex-

473 567 648 614 cludere
676 561 899 609 hominem
930 560 1042 616 Dei,
1068 559 1114 604 in
1140 559 1316 605 Christo
1341 577 1555 623 nusquam
1579 560 1760 618 exulem,
1799 562 1846 607 in

477 655 606 685 carne
634 633 797 697 ubique
830 631 1121 695 peregrinum.
1151 629 1234 676 Sed
1254 633 1347 690 jam
1372 630 1642 677 considerare
1670 643 1712 677 et
1729 649 1845 678 com-

472 722 711 756 memorare
730 702 916 748 delectat
931 711 1030 765 post
1048 699 1174 756 illud,
1195 700 1315 763 quod
1338 700 1585 764 Cyprianus
1604 719 1691 748 non
1708 721 1844 750 sense-

471 789 558 835 rat,
581 775 653 823 sed
672 773 873 820 inimicus
894 771 1083 835 putabat
1101 769 1291 827 exilium,
1318 771 1427 834 quid
1445 789 1492 816 ex
1510 771 1660 818 ordine
1683 775 1845 837 passio-

468 850 536 897 nis
553 847 689 912 ipsius
705 853 985 890 consecutum
1009 841 1075 888 sit.
1108 842 1220 886 Cum
1243 842 1359 886 enim
1398 842 1649 906 Cyprianus
1671 856 1845 892 sanctus

470 925 643 982 Martyr
667 915 826 962 electus
852 932 875 959 a
900 913 989 957 Deo
1019 912 1072 957 de
1100 912 1274 957 civitate
1303 912 1606 971 Curubitana‚
1638 914 1685 959 in
1711 931 1845 978 quam

468 989 593 1037 exilio
620 996 844 1052 praecepto
873 978 1042 1061 Aspasii
1072 982 1249 1028 Paterni
1273 983 1546 1046 proconsulis
1569 984 1723 1030 missus
1756 985 1846 1031 fue—

466 1072 553 1117 rat,
574 1073 785 1118 regressus
803 1064 933 1108 esset3
949 1054 996 1099 in
1016 1053 1154 1098 hortis
1181 1053 1267 1099 suis
1287 1053 1523 1100 manebat·
1546 1065 1588 1100 et
1606 1054 1709 1102 inde
1728 1070 1844 1121 quo-

467 1131 574 1178 tidie
592 1128 797 1194 sperabat
812 1125 947 1172 veniri
966 1123 1021 1170 ad
1042 1142 1101 1182 se,
1124 1124 1237 1171 sicut
1255 1135 1472 1171 ostensum
1495 1125 1558 1171 illi
1583 1137 1687 1174 erat.

534 1203 617 1248 ΙΙΙ.
653 1197 774 1256 Quid
788 1201 880 1258 jam
901 1196 1100 1241 fremeret
1124 1196 1408 1259 persecutoris
1434 1197 1623 1261 impetus
1640 1198 1845 1245 adversus

466 1291 544 1321 cor
562 1288 731 1335 semper
745 1278 967 1334 paratum,
989 1265 1218 1313 accedente
1242 1267 1371 1313 etiam
1392 1268 1568 1314 Domini
1584 1268 1843 1316 revelatione

466 1344 717 1392 firmatum?
739 1338 929 1397 Quando
953 1337 1067 1384 enim
1087 1337 1296 1384 desereret
1318 1338 1571 1403 patientem,
1599 1357 1729 1404 quem
1754 1358 1844 1388 non

467 1426 531 1462 cst
551 1429 702 1489 passus
726 1409 1029 1475 praeoccupari
1054 1410 1316 1454 nescientem
1333 1413 1351 1456 Ρ
1387 1410 1486 1456 Jam
1516 1428 1616 1471 ergo
1645 1411 1766 1475 quod
1788 1411 1843 1457 ad

463 1503 566 1532 eum
583 1481 772 1549 passioni
791 1478 1087 1526 exhibendum
1110 1479 1198 1526 duo
1223 1480 1340 1526 missi
1363 1491 1480 1538 sunt,
1504 1481 1579 1544 qui
1596 1499 1694 1528 eum
1713 1482 1844 1528 etiam

465 1573 609 1604 secum
622 1573 667 1601 111
692 1551 958 1600 curriculum
980 1550 1047 1597 lev
1051 1562 1248 1608 averunt,
1266 1551 1311 1597 in
1333 1552 1563 1616 medioque
1582 1563 1840 1617 posuerunt3

464 1639 508 1674 et
529 1628 616 1673 hoc
639 1624 801 1671 divinae
823 1621 1130 1668 admonitionis
1153 1621 1254 1678 fuit,
1279 1632 1328 1668 ut
1347 1622 1537 1682 gaudens
1566 1624 1771 1670 recoleret
1788 1619 1844 1670 ad

465 1702 557 1758 ejus
576 1711 735 1759 corpus
758 1711 800 1739 se
827 1693 1061 1757 pertinere,
1089 1693 1165 1756 qui
1185 1692 1297 1738 inter
1313 1693 1485 1756 iniquos
1502 1693 1736 1758 deputatus
1759 1705 1835 1742 est.

464 1769 667 1815 Christus
690 1781 878 1827 namque
896 1764 1008 1809 inter
1031 1763 1140 1810 duos
1158 1763 1342 1809 latrones
1362 1764 1479 1825 ligno
1503 1782 1733 1829 suspensus
1753 1803 1765 1823 ‚
1788 1765 1843 1811 ad

465 1838 709 1902 exemplum
738 1835 961 1899 patientiae
979 1834 1309 1898 praebebatur1.
1342 1835 1589 1898 Cyprianus
1613 1847 1756 1882 autem
1777 1836 1842 1881 in-

467 1922 532 1957 ter
549 1909 658 1955 duos
676 1905 961 1971 apparitoreS,
982 1905 1037 1951 ad
1056 1906 1298 1969 passionem
1314 1922 1446 1951 curru
1458 1917 1658 1970 portatus
1676 1906 1840 1954 Christi

464 1979 641 2039 vestigia
662 1977 936 2040 sequebatur.
1546 1972 1553 1975 i

465 2081 468 2084 «
530 2051 605 2096 1V.
640 2047 760 2105 Quid
779 2046 890 2092 illud
916 2045 1031 2109 quod
1058 2062 1158 2091 cum
1179 2046 1222 2090 in
1245 2045 1377 2091 alium
1399 2046 1512 2091 diem
1535 2046 1695 2092 dilatus
1721 2046 1841 2110 apud

463 2120 662 2168 custodes
680 2128 802 2174 esset,
830 2128 960 2180 atque
989 2116 1093 2162 illuc
1116 2134 1157 2161 se
1185 2116 1422 2162 multitudo
1440 2117 1621 2162 fratrum
1648 2134 1697 2162 ac
1724 2133 1841 2163 soro-

465 2208 561 2238 rum
581 2205 862 2251 congregans,
885 2204 966 2251 pro
988 2187 1156 2232 foribus
1171 2197 1463 2250 pernoctaret,
1485 2187 1695 2233 custodiri
1711 2182 1839 2251 puel-

465 2262 528 2308 las
552 2260 787 2325 praecepit,
821 2268 983 2321 quanta
1004 2258 1241 2303 intentione
1264 2257 1661 2303 considerandum?
1679 2268 1842 2321 quanta

463 2332 592 2378 laude
620 2328 986 2394 praedicandum?
1012 2339 1177 2391 quanto
1200 2345 1422 2391 praeconio
1441 2327 1838 2374 commendandum

464 2406 558 2450 est?
587 2401 740 2448 Vicina
774 2399 967 2462 corporis
995 2409 1132 2444 morte
1152 2436 1162 2454 ,
1200 2417 1287 2444 non
1322 2399 1589 2445 moriebatur
1623 2399 1668 2445 in
1693 2399 1838 2444 animo

462 2473 648 2537 pastoris
676 2470 900 2531 vigilantia
932 2468 1191 2533 pastoralis3
1229 2480 1270 2515 et
1299 2486 1402 2515 cura
1432 2470 1582 2516 tuendi
1617 2469 1837 2515 Dominici

465 2544 600 2605 gregis
618 2559 752 2605 usque
769 2541 824 2588 ad
847 2551 1082 2587 extremum
1101 2540 1203 2586 vitae
1220 2539 1353 2599 hujus
1380 2540 1494 2586 diem
1524 2551 1666 2587 mente
1692 2538 1837 2585 sobria

509 2632 521 2656 ¹
535 2634 635 2682 Mare.
655 2644 709 2678 xv,
728 2633 784 2666 28,
