1942 3272
476 294 570 358 256ss
889 316 923 346 s.
968 311 1208 349 ΑυαῖτεΤιΝι
1247 312 1450 347 ΕῑηεοῡΡῙ

472 379 617 441 ligatis
649 378 823 438 caudis,
867 380 914 427 id
945 391 1032 438 est,
1071 382 1119 428 in
1141 381 1451 447 posterioribus
1480 381 1566 428 suis
1593 379 1737 443 ignem
1760 387 1853 428 tra-

472 451 611 508 hunt,
644 452 745 515 quia
770 451 1027 517 improbitas
1052 453 1264 517 praecedit
1292 470 1446 517 poenas
1468 469 1578 500 suaS.

537 522 614 570 IV.
645 518 777 580 Quod
801 534 943 569 autem
962 523 1142 571 intravit
1159 524 1214 570 ad
1242 524 1528 581 meretricem,
1554 523 1588 569 si
1614 523 1703 571 sine
1727 539 1855 569 causa

473 593 602 652 fecit,
644 594 911 658 quicumque
950 594 1077 650 fecit,
1123 595 1374 641 immundus
1397 605 1460 640 est
1486 613 1496 640 :
1526 595 1558 640 si
1582 604 1723 640 autem
1747 611 1855 657 pro·-

473 665 610 736 pheta
632 665 734 711 fecit
749 703 760 720 ‚
786 676 1103 712 sacramentum
1121 678 1196 714 est.
1225 667 1270 712 Si
1293 684 1379 712 non
1402 666 1462 712 ita
1487 665 1665 712 intravit
1689 675 1738 711 ut
1754 681 1855 710 con-

452 737 698 783 *cumberet
721 754 823 783 cum
846 755 894 783 ea
910 776 920 794 ,
949 738 1140 802 mysterii
1164 755 1291 784 causa
1325 738 1514 784 fortassis
1544 737 1736 783 intravit.
1771 735 1856 781 Sed

474 807 760 854 concubuisse
779 825 866 854 non
884 808 1077 868 legimus.
1106 809 1330 872 Sequitur,
1352 830 1372 850 α
1392 807 1563 854 Inimici
1586 825 1685 853 vero
1708 822 1857 870 expec-

473 900 494 922 ›>
521 879 676 925 tabant
701 879 755 925 ad
796 890 943 944 portas
969 880 1181 937 civitatis,
1211 892 1259 926 ut
1281 879 1698 944 comprehenderent
1723 895 1822 924 eum
1844 915 1853 928 ,

449 947 496 991 ”»
524 967 624 995 cum
652 968 675 995 a
698 950 938 1006 meretrice,
960 950 1014 995 ad
1037 967 1170 1015 quam
1191 951 1443 1007 intraverat,
1460 950 1609 996 suisset
1630 946 1852 1010 egressus&

450 1018 453 1022 ’
475 1042 496 1063 »
522 1020 600 1066 llle
644 1037 745 1084 vero
784 1020 1045 1068 dormiebat.
1096 1044 1116 1064 >³
1159 1021 1310 1068 Videte
1358 1021 1729 1085 quemadmodum
1771 1035 1859 1064 non

473 1092 687 1156 scriptum
720 1103 805 1148 est,
849 1092 951 1156 quia
987 1093 1143 1138 mixtus
1174 1104 1237 1139 est
1266 1093 1513 1146 meretrici3
1550 1091 1623 1138 sed
1648 1091 1860 1154 scriptum

450 1160 553 1219 uest,
574 1161 678 1225 quia
698 1183 717 1202 «
736 1162 1008 1209 Dormiebat.
1031 1163 1117 1208 Ubi
1137 1164 1362 1219 exurrexit,
1385 1162 1546 1226 inquit,
1572 1161 1713 1207 media
1735 1169 1861 1211 nocte

476 1254 496 1275 ))
515 1232 614 1278 exiit
637 1270 647 1289 ,
686 1242 728 1278 et
760 1232 941 1278 abstulit
978 1244 1127 1296 portas
1166 1234 1353 1280 civitatis
1379 1233 1515 1297 ipsius
1543 1249 1643 1278 cum
1668 1232 1793 1287 seris,
1820 1240 1861 1275 et

476 1325 497 1345 )>
515 1302 686 1350 easdem
716 1313 863 1367 portas
882 1303 1042 1350 levavit
1063 1305 1110 1350 in
1129 1322 1336 1351 cacumen
1357 1304 1516 1350 montis
1533 1341 1544 1360 ‚
1580 1313 1622 1349 et
1652 1302 1708 1349 ab
1739 1300 1861 1347 Allo-

477 1396 498 1416 »
515 1373 666 1438 phylis
686 1376 820 1419 teneri
848 1392 936 1420 non
956 1376 1103 1438 potuit
1119 1377 1153 1422 2.
1182 1398 1202 1417 >2
1227 1378 1379 1421 Portas
1398 1374 1602 1430 civitatis,
1625 1373 1786 1437 quibus
1807 1372 1861 1418 ad

474 1444 742 1490 meretricem
769 1444 947 1490 intravit
981 1445 1185 1503 abstulit,
1213 1457 1255 1491 et
1276 1445 1319 1491 in
1340 1456 1531 1491 montem
1550 1444 1722 1491 levavit.
1742 1442 1862 1503 Quid

476 1525 539 1560 est
561 1515 647 1561 hoe
665 1517 684 1560 ἶ)
711 1515 932 1560 Infernum
953 1527 994 1560 et
1015 1534 1202 1562 amorem
1226 1517 1434 1573 mulieris,
1458 1527 1692 1579 utrumque
1716 1514 1863 1578 Scrip-

475 1597 573 1632 tura
596 1585 822 1646 conjungit
836 1585 869 1632 3.
909 1586 1072 1632 Inferni
1098 1588 1328 1648 imaginem
1357 1588 1532 1633 tenebat
1551 1586 1705 1632 domus
1721 1601 1862 1630 mere—

476 1656 609 1703 tricis.
639 1656 775 1702 Recte
791 1674 873 1720 pro
902 1657 1048 1703 inferis
1068 1659 1248 1722 ponitur
1270 1677 1280 1704 ε
1309 1659 1411 1723 quia
1434 1658 1651 1704 neminem
1673 1655 1858 1721 repellit,

476 1738 518 1773 et
549 1744 722 1773 omnem
753 1727 986 1773 intrantem
1018 1728 1072 1774 ad
1094 1746 1136 1774 se
1161 1729 1310 1776 trahit.
1346 1729 1628 1790 Agnoscimus
1657 1726 1862 1773 hocloco

476 1797 782 1861 Redemptoris
805 1798 939 1844 nostri
957 1816 1106 1862 opera,
1137 1811 1371 1864 postquam
1390 1802 1640 1864 „Synagogm
1662 1798 1716 1844 ad
1731 1814 1862 1862 quam

478 1879 684 1925 venerat,
722 1887 745 1914 a
787 1886 829 1914 se
870 1887 949 1932 per
982 1870 1209 1916 diabolum
1244 1883 1438 1936 separata
1467 1881 1551 1928 est,
1579 1865 1863 1934 posteaquam

480 1938 721 1985 decalcavit
745 1956 843 1984 eum
859 1976 869 1995 ‚
909 1940 954 1985 id
979 1951 1062 1997 est,
1104 1942 1149 1987 in
1173 1942 1269 1988 loco
1295 1942 1508 1989 Calvariae
1534 1940 1749 1987 crucifixit
1767 1977 1778 1996 ‚
1808 1938 1863 1985 ad

480 2009 647 2056 inferna
682 2009 934 2065 descendit3
972 2022 1013 2057 et
1050 2012 1215 2058 inimici
1248 2014 1553 2061 custodiebant
1582 2011 1729 2058 locum
1758 2010 1865 2056 dor-

481 2081 682 2138 mientis,
718 2081 763 2126 id
794 2092 880 2138 cst,
924 2082 1209 2146 sepulcrumg
1243 2096 1285 2130 et
1321 2102 1473 2148 capere
1506 2083 1710 2129 volebant
1739 2099 1869 2146 quem

481 2150 628 2198 videre
650 2168 738 2197 non
761 2161 976 2214 poterant.
1009 2153 1086 2199 Ille
1109 2165 1252 2200 autem
1278 2155 1523 2200 dormiebat
1546 2154 1622 2200 ibi.
1652 2154 1748 2198 Hoc
1773 2151 1870 2198 ideo

486 2221 594 2278 dixi,
639 2222 741 2285 quia
773 2238 874 2268 vera
914 2241 1028 2269 mors
1067 2237 1171 2272 erat.
1209 2225 1340 2281 Quod
1373 2225 1539 2270 dictum
1564 2234 1659 2281 est,
1684 2223 1870 2269 «Media

486 2315 506 2334 ›>
529 2303 655 2337 nocte
688 2293 867 2337 surrexit
890 2313 900 2347 3
941 2315 960 2335 ›)
1002 2295 1088 2340 hoc
1123 2296 1363 2355 significat,
1394 2296 1496 2359 quia
1522 2295 1567 2341 in
1588 2305 1749 2341 secreto
1771 2311 1870 2340 sur-

486 2362 606 2409 rexit.
637 2364 794 2426 Aperte
818 2364 931 2408 enim
959 2382 1108 2428 passus
1133 2378 1194 2412 est
1217 2388 1227 2421 ;
1263 2367 1359 2413 solis
1393 2378 1536 2412 autem
1567 2365 1802 2430 Discipulis
1829 2376 1872 2410 et

469 2434 615 2480 'certis
654 2434 1035 2498 quibuscumque,
1073 2455 1173 2484 cum
1213 2439 1417 2496 surrexit,
1462 2437 1757 2484 manifestatus
1788 2447 1863 2483 est.

492 2505 606 2564 Ergo
623 2503 741 2567 quod
760 2504 953 2561 intravit,
977 2524 1121 2553 omnes
1138 2509 1339 2555 viderunt
1358 2530 1368 2563 ;
1389 2509 1505 2572 quod
1525 2508 1720 2564 surrexit,
1740 2506 1872 2571 pauci

491 2585 817 2633 cognoverunt,
854 2587 1084 2623 tenuerunt
1124 2590 1165 2624 et
1200 2580 1505 2644 palpaverunt.
1554 2578 1688 2626 Tollit
1727 2589 1871 2624 tamen

542 2661 551 2682 ¹
571 2661 677 2693 Judic.
696 2674 764 2706 xvi,
786 2674 812 2694 2.
830 2682 874 2687 ——
892 2663 1005 2698 21bid.
1027 2670 1056 2700 3.
1074 2686 1122 2693 —
1137 2665 1151 2690 3
1168 2671 1260 2702 Prov.
1278 2680 1354 2710 xxx,
1378 2671 1429 2702 16.
