1942 3272
468 235 558 282 302
889 249 923 278 s.
968 247 1210 295 AccusriNi
1246 250 1449 295 Episcopi

468 304 488 358 ᾆ)
508 316 597 360 sine
614 331 741 361 uxore
760 324 848 370 est,
873 313 1034 373 cogitat
1057 330 1105 359 ea
1130 330 1229 377 quae
1254 325 1353 360 sunt
1371 315 1452 361 Dei
1470 353 1481 372 ,
1507 317 1727 380 quomodo
1742 317 1841 382 pla-

471 408 491 428 »
509 396 603 432 ceat
620 385 710 430 Deo
735 402 744 429 :
773 385 848 447 qui
865 395 1007 429 autem
1032 384 1307 446 matrimonio
1326 390 1587 445 conjunctus
1612 398 1699 444 est,
1727 388 1843 448 cogi-

470 467 570 502 »tat
610 473 657 500 ea
697 472 794 524 quae
828 465 927 500 sunt
956 453 1134 510 mundi,
1176 456 1397 518 quomodo
1434 456 1605 519 placeat
1636 457 1797 505 uxori4.
1825 480 1844 500 »

470 525 601 583 Quod
621 526 748 571 etiam
772 523 824 569 de
843 524 1023 569 foemina
1038 523 1232 570 similiter
1249 535 1382 589 notat.
1408 525 1486 571 Vel
1505 526 1613 572 illud
1633 524 1735 573 cum
1756 528 1841 573 ait:

470 619 489 637 a
509 599 565 642 Et
600 597 757 641 iterum
791 593 845 640 ad
877 593 1069 656 idipsum
1106 604 1266 651 estote,
1303 613 1354 640 ne
1388 613 1463 642 vos
1503 607 1635 642 tentet
1670 597 1847 644 Satanas

472 691 492 711 »
511 678 691 732 propter
710 664 1091 728 intemperantiam
1114 676 1312 713 vestram.
1339 687 1359 707 >2
1386 667 1517 723 Quod
1543 679 1593 713 ut
1616 679 1847 731 peccatum

471 756 557 802 esse
591 738 929 800 demonstraret,
972 734 1045 780 sed
1068 734 1311 782 infirmitati
1344 754 1620 794 concessum,
1665 739 1850 798 subjecit

471 808 615 854 statim
637 824 647 852 ε
673 828 694 848 «
719 806 814 851 Hoc
831 816 973 850 autem
993 805 1091 850 dico
1116 805 1355 851 secundum
1373 808 1541 853 veniam
1555 846 1565 864 ,
1595 826 1683 854 non
1699 826 1849 854 secun-

474 902 494 921 »
516 879 620 925 dum
646 876 922 941 imperiumst.
949 896 968 915 ›>
1002 875 1101 921 Sola
1131 877 1245 922 enini
1275 878 1506 937 generandi
1535 896 1662 925 causa
1688 890 1749 924 est
1778 880 1851 925 in-

476 947 709 1012 culpabilis
733 963 850 992 sexus
877 945 1099 1008 utriusque
1120 947 1384 994 commixtio,
1419 948 1563 1004 Quam
1591 949 1725 994 multa
1753 959 1853 994 sunt

476 1020 558 1066 alia
577 1028 756 1082 peccata
770 1055 780 1073 ‚
803 1017 889 1063 sive
907 1017 952 1061 in
969 1015 1187 1079 loquendo
1205 1017 1258 1062 de
1275 1018 1404 1063 rebus
1423 1029 1464 1063 et
1482 1019 1662 1078 negotiis
1686 1015 1849 1075 alienis,

477 1107 576 1155 quae
592 1106 680 1135 non
701 1087 755 1133 ad
778 1098 816 1132 te
836 1087 1055 1150 pertinent
1073 1107 1084 1141 3
1112 1087 1199 1133 sive
1222 1088 1266 1132 in
1283 1089 1403 1133 vanis
1423 1088 1850 1145 cachinnationibus,

479 1178 580 1207 cum
608 1159 821 1222 scriptum
842 1158 896 1203 sit
917 1174 928 1202 ε
958 1178 976 1198 α
999 1157 1166 1203 Stultus
1183 1158 1227 1203 in
1250 1158 1338 1204 risu
1354 1158 1511 1204 exaltat
1537 1176 1687 1206 vocem
1707 1176 1850 1215 suam,

478 1254 499 1274 n
519 1231 687 1294 sapiens
713 1239 853 1274 autem
871 1228 940 1273 vix
961 1228 1090 1274 tacite
1110 1228 1302 1273 ridebit3
1328 1247 1338 1274 :
1361 1251 1380 1270 ›)
1402 1229 1488 1274 sive
1512 1229 1556 1274 in
1589 1229 1694 1293 ipsis
1721 1230 1824 1275 escis
1841 1267 1852 1286 ,
1920 1274 1921 1290 1

478 1318 577 1365 quse
597 1298 652 1345 ad
668 1299 959 1344 necessitatem
993 1298 1285 1344 sustentandae
1316 1299 1449 1359 hujus
1472 1298 1574 1345 vitae
1598 1317 1858 1363 praeparan-

481 1384 575 1427 tur,
599 1370 766 1417 avidior
788 1380 916 1432 atque
942 1369 1268 1414 immoderatior
1304 1370 1548 1433 appetitus,
1574 1387 1689 1434 saepe
1712 1387 1858 1416 exces—

481 1460 574 1488 sum
613 1440 793 1486 modum
829 1439 1097 1502 postridiana
1131 1439 1345 1484 cruditate
1378 1451 1619 1486 contestans
1648 1459 1658 1486 ε
1702 1440 1860 1487 sivein

483 1511 719 1560 vendendis
760 1521 801 1556 et
840 1509 1030 1555 emendis
1063 1510 1192 1555 rebus
1214 1510 1440 1556 charitatis
1475 1522 1516 1556 et
1551 1511 1731 1557 vilitatis
1759 1522 1862 1557 vota
1918 1522 1921 1561 j

482 1600 694 1648 perversa.
726 1581 849 1641 Piget
871 1591 1030 1626 cuncta
1050 1579 1270 1640 colligere,
1298 1598 1398 1643 quae
1418 1582 1600 1645 quisque
1624 1582 1670 1628 in
1701 1599 1742 1627 se
1766 1581 1862 1644 ipso

485 1655 643 1700 certius
681 1651 1013 1715 comprehendit
1043 1662 1172 1714 atque
1209 1652 1517 1714 reprehendit,
1551 1653 1586 1698 si
1615 1652 1863 1699 divinarum
1918 1679 1919 1700 ;

489 1725 813 1787 Scripturarum
839 1720 1064 1785 speculum
1098 1738 1184 1766 non
1209 1721 1472 1781 negligenter
1509 1722 1717 1768 attendat.
1753 1722 1865 1777 Quae

486 1793 682 1858 quamvis
717 1790 882 1850 singula
918 1808 1007 1856 non
1040 1790 1191 1836 lethali
1227 1791 1402 1837 Vulnere
1437 1791 1562 1837 ferire
1597 1791 1863 1848 sentiantur,
1918 1818 1919 1835 ι

487 1864 614 1909 sicuti
634 1860 923 1908 homicidium
948 1871 989 1905 et
1010 1859 1289 1917 adulterium,
1313 1860 1381 1906 vel
1400 1871 1556 1906 caetera
1574 1860 1829 1920 hujusmodi
1851 1877 1862 1905 ε
1917 1857 1919 1886 ³

487 1947 631 1981 tamen
654 1931 799 1979 onmia
824 1931 950 1977 simul
974 1942 1231 1992 congregata
1256 1931 1374 1977 velut
1404 1931 1592 1989 scabies,
1623 1948 1712 1995 quo
1736 1930 1867 1994 plura
1915 1957 1919 1995 3,

488 2015 588 2058 sunt
612 2003 795 2059 necant,
824 2012 898 2048 aut
920 2012 1115 2046 nostrum
1143 2001 1275 2047 decus
1305 2001 1365 2046 ita
1403 2002 1710 2057 exterminant,
1737 2011 1786 2046 ut
1811 2000 1867 2046 ab
1916 1997 1919 2041 ἶ

487 2067 603 2122 illius
625 2074 771 2137 sponsi
789 2072 970 2137 speciosi
988 2072 1125 2136 forma
1144 2088 1237 2135 prae
1254 2071 1351 2117 filiis
1372 2072 1601 2118 hominum
1623 2070 1868 2117 castissimis

492 2143 759 2208 amplexibus
781 2153 979 2207 separent
993 2178 1006 2199 ,
1033 2142 1115 2187 nisi
1138 2141 1452 2203 medicamento
1476 2141 1742 2205 quotidianae
1761 2154 1864 2205 poe—

492 2215 686 2261 nitentiae
706 2213 990 2259 desiccentur.

557 2284 632 2330 VI.
666 2282 797 2339 Quod
824 2283 857 2328 si
877 2282 1031 2328 falsum
1050 2293 1112 2327 est
1129 2319 1141 2338 ,
1169 2281 1283 2327 unde
1302 2281 1496 2344 quotidie
1520 2281 1864 2345 tundimus‘pec-

499 2357 616 2401 tora?
655 2353 786 2410 Quod
817 2370 893 2398 nos
924 2369 1095 2416 quoque
1127 2351 1336 2398 antistites
1375 2352 1429 2398 ad
1461 2352 1591 2398 altare
1633 2352 1868 2403 assistentes
1913 2352 1917 2363 ”

496 2441 596 2470 cum
633 2423 835 2469 omnibus
870 2422 1066 2469 facimus.
1115 2422 1240 2467 Unde
1277 2422 1406 2467 etiam
1449 2433 1617 2468 orantes
1653 2421 1866 2475 cliciiiiUS,

499 2494 618 2559 quod
634 2494 681 2540 in
702 2505 788 2541 tota
809 2494 889 2540 ista
910 2493 1000 2540 vita
1021 2502 1193 2557 oportet
1215 2502 1264 2537 ut
1288 2492 1483 2538 dicamus
1503 2509 1515 2538 ς
1541 2514 1561 2534 ε(
1584 2492 1764 2542 Dimitte
1786 2508 1870 2537 no-
1910 2527 1914 2532 Α

546 2581 558 2605 ¹
584 2594 596 2613 x
618 2565 689 2617 Cor.
704 2595 764 2625 vxi,
787 2585 842 2623 32,
859 2584 914 2617 33.
929 2599 975 2606 —-
994 2580 1009 2603 2
1026 2581 1109 2613 lbid.
1131 2582 1165 2625 5,
1185 2582 1220 2614 6.
1236 2598 1283 2607 -
1300 2577 1315 2604 3
1332 2580 1429 2615 Eccli.
1447 2591 1514 2624 xxi,
1532 2581 1586 2614 23.
