1863 3246
400 302 543 336 smum
576 302 720 346 eccm,
756 303 812 335 nn
847 302 1149 336 POENITENTIA.
1350 288 1438 340 301

72 370 286 418 Dominus
303 381 478 435 praestet
498 381 546 416 ut
568 387 669 416 cum
688 369 819 416 lucris
836 369 1072 429 majoribus
1091 384 1439 436 compensentur,

74 441 375 506 quotidianam
399 441 605 486 debemus
623 440 785 486 habere
808 439 1125 504 poenitentiam.

137 512 189 560 V.
231 512 316 558 Sed
339 513 371 557 si
398 511 484 557 boc
514 511 828 574 dispensatores
848 511 970 556 verbi
995 511 1073 555 Dei
1100 522 1141 556 et
1166 511 1349 559 ministri
1373 532 1444 560 sa-

75 593 392 628 cramentorum
417 584 527 641 ejus,
549 580 705 626 milites
727 581 920 635 Christi3
949 591 1112 643 quanto
1132 583 1265 643 magis
1289 595 1445 631 caetera

75 651 354 715 stipendiaria
380 650 618 696 multitudo
635 688 644 706 ‚
670 661 711 696 et
737 650 938 713 quaedam
960 651 1186 713 provincia
1210 654 1444 713 magnire-

76 722 168 781 gis'?
190 722 332 778 Quam
352 738 404 766 ne
419 721 528 766 forte
548 720 614 766 vel
634 721 740 766 falsa
764 721 1007 784 suspicione
1032 721 1222 769 avaritiae
1240 724 1358 770 miles
1375 725 1445 770 ille

78 791 346 837 fidelissimus
375 802 504 855 atque
542 791 796 837 fortissimus
831 791 1049 854 apostolus
1072 792 1234 838 Paulus
1253 795 1446 841 offende-

78 873 165 919 ret,
193 863 278 907 suis
297 862 522 926 stipendiis
547 862 749 908 militavit
771 880 781 907 ε
803 872 845 907 et
865 862 943 908 ubi
960 862 1067 908 forte
1086 862 1223 908 defuit
1249 877 1447 929 sumptus

77 933 336 978 necessarius
359 950 369 977 :
400 954 420 973 «
441 932 556 978 Alias
575 970 585 988 ‚
606 932 777 995 inquit,
809 931 1020 978 Ecclesias
1050 934 1287 996 expoliavi,
1327 937 1448 982 acei-

79 1002 238 1065 »piens
263 1002 317 1047 ab
340 1002 398 1047 eis
419 1001 682 1065 stipendium
708 1001 763 1047 ad
786 1012 971 1047 vestram
1002 1002 1400 1053 111inistrationen11.
1428 1028 1449 1048 »

79 1073 254 1129 Quanto
272 1089 370 1132 ergo
397 1073 528 1131 magis
553 1072 758 1118 Ecclesiae
785 1072 1071 1135 provinciales
1099 1074 1198 1137 (10)
1226 1076 1449 1122 saeculari-

77 1142 159 1187 bus
182 1143 362 1202 negotiis
397 1142 607 1201 obligati,
635 1142 937 1205 quotidianam
971 1142 1130 1189 debent
1154 1162 1275 1205 agere
1300 1147 1449 1209 poeni-

80 1213 253 1258 tentiam
273 1216 291 1258 ,³
315 1213 401 1269 Qui
427 1213 624 1276 quamvis
647 1230 669 1257 a
694 1212 820 1258 furtis
836 1250 846 1268 ‚
875 1231 897 1258 a
926 1213 1087 1276 rapinis
1103 1251 1112 1269 ,
1147 1232 1169 1260 a
1191 1215 1446 1274 fraudibus,

79 1282 135 1328 ab
155 1282 376 1328 adulteriis
403 1293 443 1327 et
467 1282 830 1328 fornicationibus
851 1283 1054 1346 omnique
1082 1282 1248 1330 luxuria
1265 1322 1276 1341 ‚
1301 1304 1322 1332 a
1346 1303 1451 1333 cru-

80 1352 252 1398 delitate
289 1353 488 1398 odiorum
525 1363 567 1398 et
600 1352 929 1398 inimicitiarum
965 1353 1228 1416 pertinacia,
1255 1356 1310 1400 ab
1334 1358 1453 1402 omni

80 1422 264 1486 denique
283 1423 539 1469 idololatriae
561 1423 761 1469 findit-ate
778 1461 788 1479 ‚
815 1423 1162 1487 spectaculorum
1187 1428 1449 1486 nugacitate,

80 1493 293 1539 haeresum
332 1504 459 1557 atque
495 1494 776 1540 schismatum
809 1494 944 1557 impia
979 1495 1193 1551 vanitate,
1233 1507 1361 1560 atque
1396 1498 1452 1544 ab

80 1564 280 1610 omnibus
307 1563 611 1624 hujuscemodi
636 1564 808 1623 flagitiis
837 1574 879 1609 et
911 1563 1178 1611 facinoribus
1209 1567 1448 1623 immunes,

80 1634 179 1698 puri
210 1645 338 1697 atque
355 1633 508 1694 integri
533 1650 617 1678 esse
642 1633 828 1679 debeant
849 1650 860 1679 ε
892 1644 1034 1678 tamen
1052 1646 1231 1698 propter
1250 1636 1452 1683 adminis-

83 1704 308 1749 trationem
329 1721 471 1749 rerum
492 1703 768 1749 familiarium
784 1741 795 1759 ‚
824 1713 867 1748 et
896 1704 1197 1763 conjugiorum
1218 1706 1451 1752 arctissima

80 1773 279 1829 vincula,
301 1784 387 1819 tam
406 1773 543 1819 multa
565 1783 749 1836 peccant
764 1811 774 1828 ‚
793 1783 841 1818 ut
865 1790 950 1818 non
978 1784 1063 1819 tam
1090 1774 1142 1819 de
1163 1775 1282 1821 istius
1300 1777 1453 1822 mundi

81 1843 258 1906 pulvere
287 1844 477 1908 aspergi,
518 1840 649 1906 quam
685 1842 775 1888 luto
801 1843 975 1888 obliniri
1001 1844 1244 1894 videantur.
1275 1848 1369 1893 Hoc
1392 1859 1453 1893 est

83 1913 199 1976 quod
218 1913 448 1976 Apostolus
465 1914 522 1958 eis
540 1912 650 1958 dicit
671 1931 681 1958 ι
705 1934 724 1953 α
744 1913 840 1958 Jam
858 1913 1032 1976 quidem
1051 1915 1226 1961 omnino
1245 1916 1452 1964 delictum

84 2004 104 2025 »
122 1993 183 2028 est
202 1984 246 2029 in
268 1983 394 2030 vobis
411 2021 421 2040 ‚
443 1983 543 2046 quia
558 1982 724 2041 judicia
746 1983 918 2029 habetis
936 1984 1174 2032 vobiscum.
1204 1986 1348 2042 Quare
1366 2006 1452 2034 non

83 2053 256 2113 »magis
280 2053 551 2116 iniquitatem
574 2053 803 2116 patimini?
832 2054 977 2110 Quare
998 2071 1083 2100 non
1104 2057 1248 2118 potius
1273 2058 1451 2105 frauda-

84 2143 105 2165 »
122 2123 256 2169 mini?
277 2144 297 2164 »
322 2123 431 2169 Nam
452 2122 562 2168 illud
585 2122 820 2168 execrabile
843 2133 926 2174 cst,
963 2124 1080 2186 quod
1115 2138 1293 2189 propter
1318 2145 1452 2191 quos-

84 2192 184 2239 dam
210 2192 332 2238 addit
367 2203 408 2238 et
451 2192 589 2238 dicit:
627 2192 752 2238 «Sed
791 2210 865 2238 vos
899 2193 1168 2256 iniquitatem
1210 2196 1371 2251 tiu-iiis,
1412 2210 1453 2244 et

86 2284 106 2304 »
124 2262 355 2318 fraudatis,
380 2273 422 2307 et
447 2262 531 2307 hoc
557 2262 810 2310 fratribus2.
839 2286 857 2304 »
893 2264 1089 2326 Exceptis
1111 2276 1251 2312 tamen
1288 2268 1452 2332 iniqui-

86 2333 248 2378 tatibus
271 2342 312 2376 et
345 2332 598 2388 fraudibus,
626 2333 710 2378 hoc
742 2334 883 2396 ipsum
912 2334 1070 2382 habere
1099 2337 1208 2382 inter
1230 2339 1453 2398 sejudicia

84 2412 126 2447 et
148 2402 242 2446 lites
259 2401 313 2446 de
343 2402 625 2448 saecularibus
650 2403 802 2460 rebus,
826 2403 1031 2449 delictum
1061 2423 1146 2452 esse
1168 2406 1274 2452 dicit
1296 2426 1305 2453 ε
1335 2410 1453 2471 quod

89 2483 231 2518 tamen
249 2472 472 2518 serendum
491 2490 578 2519 esse
595 2473 797 2519 admonet
812 2512 822 2525 ,
853 2475 887 2519 si
907 2474 970 2520 vel
989 2475 1273 2522 ecclesiastico
1283 2480 1452 2539 judicio

86 2542 181 2588 lites
205 2542 508 2603 hujuscemodi
531 2543 750 2591 finiantur.
786 2544 900 2590 Ilinc
919 2555 979 2590 cst
996 2546 1121 2591 etiam
1150 2546 1256 2593 illud
1283 2566 1293 2593 ι
1321 2570 1342 2592 a
1363 2549 1449 2606 Qui

134 2631 179 2662 ¹2
195 2632 266 2664 Cor.
287 2641 330 2670 xi,
347 2631 377 2667 8.
397 2647 442 2655 -—
459 2629 475 2654 Ἰ
494 2643 503 2662 ι
525 2634 600 2666 (tor.
622 2643 713 2671 v1‚7.
733 2634 762 2664 8.
