1941 3314
401 351 544 383 SERMO
579 353 756 393 ccxcvi,
795 355 841 384 IN
882 351 1041 383 NATALI
1077 351 1228 382 APOST.
1464 355 1492 399 9

124 418 258 464 dicit?
285 417 400 463 unde
429 417 511 463 tibi
538 417 745 463 insultat?
780 419 892 463 Ecce
924 416 1099 480 quando
1128 417 1394 463 faciebamus
1428 434 1494 462 sa-

125 488 288 534 crificia
312 487 394 533 diis
416 487 586 543 nostris,
610 488 755 533 stabat
775 489 933 543 Roma,
963 487 1148 532 florebat
1169 487 1337 539 Roma3
1366 487 1496 533 modo

126 558 227 621 quia
259 557 477 621 superavit
505 568 548 602 et
581 558 821 604 abundavit
856 557 1116 603 sacrificium
1155 557 1232 601 Dei
1265 557 1417 614 vestri,
1457 568 1499 603 et

125 627 316 673 inhibita
344 637 444 672 sunt
466 638 508 672 et
528 627 755 691 prohibita
787 628 997 674 sacrificia
1027 627 1207 672 deorum
1234 638 1495 682 nostrorum,

127 714 226 743 ecce
249 697 356 760 quid
386 698 553 761 patitur
580 699 734 745 Roma.
766 699 959 744 Breviter
988 697 1199 761 responde
1227 698 1418 753 interim,
1452 708 1501 742 ut

129 767 203 813 illo
222 784 465 820 careamus3
492 779 697 814 caeterum
716 769 797 814 tibi
821 768 902 814 alia
917 767 1138 813 meditatio
1163 778 1238 813 est.
1272 769 1368 812 Non
1386 767 1501 812 enim

130 847 306 882 vocatus
321 854 363 882 es
377 837 431 882 ad
449 837 793 901 amplectendam
803 849 977 893 terram,
994 837 1066 882 scd
1084 837 1138 882 ad
1157 837 1501 900 comparandum

130 905 316 959 eoelum3
347 924 435 952 non
464 919 642 953 vocatus
663 925 705 953 es
734 908 787 953 ad
818 908 1065 953 felicitatem
1088 917 1319 962 terrenam,
1350 907 1422 952 sed
1448 906 1502 952 ad

130 976 374 1030 ‹mlestenu
402 995 490 1022 non
514 978 568 1023 ad
591 978 847 1042 temporales
869 995 1085 1023 successus
1109 988 1149 1021 et
1172 976 1502 1040 prosperitatem

131 1046 360 1091 volaticam
390 1058 431 1092 et
465 1049 770 1104 transitoriam.
800 1049 884 1094 sed·
896 1048 949 1094 ad
973 1060 1177 1093 {eternam
1202 1065 1302 1093 cum
1334 1047 1503 1107 Angelis

131 1116 276 1161 vitam.
309 1119 470 1161 Tamen
495 1117 601 1163 huic
625 1120 805 1164 amatori
833 1119 1016 1164 carnalis
1044 1118 1283 1173 felicitatis,
1311 1128 1351 1162 et
1377 1135 1500 1162 mur-

129 1186 338 1231 muratori
356 1186 556 1233 adversus
574 1189 714 1234 Deum
735 1191 883 1234 vivum
908 1201 949 1234 et
973 1206 1139 1243 verum,
1163 1188 1323 1233 volt-nti
1349 1190 1504 1234 servire

130 1255 357 1301 daemoniis
374 1267 415 1301 et
431 1256 556 1317 lignis
571 1269 612 1303 et
628 1258 867 1322 lapidibus,
883 1260 970 1304 cito
987 1257 1210 1321 responde.
1232 1258 1353 1303 Sicut
1371 1257 1506 1303 habet

130 1325 311 1371 historia
341 1344 489 1373 eorum
507 1365 517 1383 ,
551 1328 800 1373 incendium
834 1329 918 1374 hoc
945 1330 1156 1373 Romanae
1185 1327 1302 1372 urbis
1330 1328 1506 1373 tertium

130 1406 204 1442 est.
227 1396 350 1442 Sicut
370 1396 504 1443 habet
523 1398 701 1444 historia
717 1416 884 1451 eorum,
905 1399 1017 1444 sicut
1035 1398 1201 1443 habent
1222 1398 1376 1443 litterae
1391 1398 1504 1460 ipso-

132 1484 245 1522 rum,
276 1467 527 1513 incendium
559 1470 769 1514 Romanae
809 1469 947 1525 urbis,
986 1468 1104 1531 quod
1140 1467 1270 1513 modo
1303 1467 1502 1526 contigit,

132 1538 305 1582 tertium
323 1548 398 1584 est.
424 1538 534 1594 Quae
552 1539 682 1584 modo
700 1539 828 1584 semel
847 1540 967 1595 arsit,
995 1539 1104 1584 inter
1127 1538 1338 1583 sacrificia
1357 1537 1507 1582 Chris-

133 1607 368 1664 tianorum,
401 1611 492 1667 jam
527 1609 594 1654 bis
624 1620 784 1655 arserat
817 1610 928 1654 inter
965 1609 1174 1654 sacrificia
1210 1608 1498 1667 Paganorum.

133 1677 272 1723 Semel
297 1696 320 1722 a
344 1678 479 1723 Gallis
503 1679 563 1724 sic
586 1679 758 1724 incensa
782 1691 860 1735 est,
885 1690 931 1724 ut
955 1679 1067 1724 solus
1091 1678 1210 1723 collis
1235 1677 1507 1741 Capitolinus

133 1759 383 1795 remaneret.
411 1750 563 1794 Postea
582 1768 604 1795 a
626 1751 812 1798 Nerone.
836 1751 977 1796 nescio
994 1761 1139 1795 utrum
1160 1748 1303 1794 dicam
1324 1766 1377 1792 se·
1399 1750 1406 1773 s
1440 1759 1507 1793 :ite

133 1836 186 1864 an
216 1819 393 1876 fluente,
427 1820 616 1865 secundo
649 1820 746 1880 igne
777 1821 917 1866 Roma
954 1818 1194 1880 flagravit1.
1227 1819 1359 1864 Jussit
1395 1836 1507 1864 ,xero

131 1889 366 1952 imperator
402 1889 537 1953 ipsius
573 1891 756 1947 Romae,
795 1908 941 1936 servus
982 1890 1222 1945 idolorum,
1259 1888 1508 1934 interfector

134 1958 456 2022 Apostolorum,
471 1960 614 2019 jussit,
637 1972 679 2006 et
697 1962 869 2007 incensa
890 1972 951 2006 est
968 1962 1122 2006 Roma.
1152 1960 1296 2016 Quare
1310 1959 1505 2022 putatis?

133 2046 219 2092 qua
237 2033 393 2074 causa'.)
421 2030 562 2076 Homo
585 2031 738 2087 elatus,
765 2032 978 2095 superbus
1004 2042 1043 2075 et
1067 2030 1244 2082 fluidus,
1273 2029 1508 2074 delectatus

133 2109 195 2145 est
227 2100 426 2145 Romano
458 2100 673 2148 incendio.
711 2102 884 2151 Videre,
924 2102 1089 2165 inquit,
1124 2100 1251 2155 volo,
1284 2099 1506 2162 quomodo

134 2170 263 2229 Troja
290 2170 450 2216 arserit.
487 2171 602 2216 Arsit
627 2188 725 2232 ergo
749 2172 809 2217 sic
839 2172 986 2227 semel,
1016 2172 1100 2227 bis,
1139 2170 1276 2216 tertio.
1310 2169 1441 2214 Modo
1468 2180 1507 2214 te

133 2239 240 2302 quid
259 2239 444 2286 delectat
459 2252 609 2287 contra
626 2243 766 2288 Deum
786 2242 981 2292 stridere,
1004 2257 1085 2304 pro
1106 2257 1152 2286 ea
1171 2256 1269 2303 quae
1288 2240 1509 2286 cousuevit

134 2309 308 2356 ardere?

196 2380 319 2427 VIII.
351 2381 436 2426 Sed
460 2382 504 2426 in
529 2399 577 2428 ea
596 2419 607 2438 ,
629 2382 851 2446 inquiunt.
874 2383 987 2447 passi
1011 2392 1110 2427 sunt
1132 2391 1248 2426 tanta
1283 2380 1393 2426 mala
1422 2392 1507 2427 tam

134 2449 261 2496 multi
289 2450 542 2498 Christiani.
586 2453 754 2499 Excidit
789 2454 892 2509 tibi,
935 2453 1037 2516 quia
1068 2451 1415 2497 Clu-istianorum
1449 2463 1508 2496 est

135 2521 227 2584 pati
260 2520 371 2566 mala
398 2522 651 2585 temporalia
669 2561 680 2578 ,
711 2534 752 2568 et
772 2523 887 2569 bona
923 2540 1092 2587 sperare
1127 2522 1413 2585 sempiterna)
1439 2522 1506 2565 'I'u

135 2590 329 2655 quisquis
354 2591 553 2652 Paganus
575 2610 647 2655 es,
669 2592 806 2641 habes
828 2593 948 2659 quod
980 2592 1186 2659 planga53
1209 2592 1313 2656 quia
1333 2602 1506 2655 tempo-

184 2678 196 2702 Ι
219 2678 299 2712 vide
314 2679 353 2713 de
367 2678 460 2715 Cis-it.
483 2681 541 2716 Dei
559 2681 615 2717 lib.
632 2693 673 2717 ιι.
689 2693 715 2715 c.
731 2693 785 2716 22.
