1942 3272
445 249 533 304 184
862 264 896 294 s.
940 263 1183 295 Areusrmi
1220 266 1422 296 EPISCOPI

441 329 497 375 ad
540 338 725 375 mortem
758 328 988 390 agitantur.
1037 329 1196 376 Dicant
1239 341 1280 376 et
1309 332 1392 395 ipsi
1428 350 1564 378 auro:
1592 334 1817 397 «Propter

439 421 461 442 »
481 410 523 444 te
548 400 866 446 mortificamur
890 410 980 446 tota
1011 399 1094 447 die.
1128 422 1148 442 »
1169 401 1330 447 Dicant
1354 406 1567 467 Martyres
1597 403 1773 449 Christo
1802 421 1812 448 z

440 492 462 512 «
487 471 673 534 Propter
700 482 740 516 te
763 471 1079 517 mortificamur
1101 482 1191 518 tota
1219 472 1301 520 die.
1331 495 1351 514 »
1376 474 1465 519 Vox
1483 474 1657 537 quidem
1676 485 1737 519 est
1756 474 1818 519 si-

439 541 552 587 milis
573 558 583 586 :
616 541 689 586 scd
713 559 840 587 eausa
868 552 929 586 est
949 541 1074 587 valde
1100 541 1329 589 dissimilis.
1361 544 1474 589 Ecce
1511 546 1683 608 utrique
1705 545 1818 590 dixe-

439 622 561 668 runt,
600 611 670 656 isti
697 611 897 669 Christo,
944 611 1007 657 illi
1028 629 1132 658 auro
1159 629 1171 658 ε
1193 633 1214 654 r<
1235 614 1422 677 Propter
1442 625 1481 660 te
1505 616 1821 661 mortificamur

442 692 573 727 »tota
592 681 674 728 die.
707 703 727 724 »
763 682 1042 746 Respondeat
1076 681 1278 728 Christus
1313 684 1398 729 suis
1438 685 1706 748 Martyribus
1733 703 1743 730 :
1776 685 1821 730 Si

442 751 685 798 moriemini
706 770 787 816 pro
810 770 878 798 me
898 791 908 809 ,
945 764 986 798 et
1014 771 1090 800 vos
1113 753 1337 799 invenietis
1367 765 1408 800 et
1433 773 1514 802 me.
1546 755 1823 819 Respondeat

445 833 589 869 autem
625 840 779 868 aurum
816 824 953 869 avaris
981 841 992 868 ε
1022 824 1067 869 Si
1090 823 1447 884 naufragaveritis
1475 843 1557 890 pro
1581 843 1665 882 me,
1688 837 1729 871 et
1748 843 1823 871 vos

443 892 633 957 perdetis
660 903 702 938 et
725 910 807 939 me.
842 894 1046 938 Amantes
1070 911 1168 954 ergo
1199 904 1240 938 et
1260 894 1505 949 imitantesg
1531 913 1618 941 non
1639 896 1825 941 inaniter

447 974 656 1019 amantes,
687 963 760 1009 sed
789 975 978 1009 amantes
1001 975 1042 1010 et
1065 965 1304 1022 imitantes,
1336 965 1424 1011 dies
1449 968 1691 1030 Martyrum
1718 966 1825 1012 cele-

448 1034 639 1089 bremus,
676 1044 718 1078 et
738 1044 866 1079 aestus
888 1034 990 1080 istos
1011 1045 1195 1092 nostros,
1222 1035 1477 1095 gaudiorum
1500 1036 1717 1097 refrigerio
1737 1037 1825 1082 mi-

446 1104 643 1163 tigemus.
669 1104 780 1149 Cum
796 1104 880 1149 illis
903 1106 1017 1150 enim
1040 1105 1129 1151 sine
1146 1107 1230 1151 fine
1255 1107 1548 1166 regnabimus,
1573 1107 1606 1153 si
1630 1125 1699 1153 eos
1722 1107 1826 1152 side-

448 1173 546 1219 liter
565 1184 607 1219 et
628 1191 716 1219 non
742 1174 928 1220 inaniter
950 1174 1193 1234 diligamus,

846 1509 1050 1555 SERMO
1088 1510 1381 1555 CCCXXXU
1407 1509 1438 1557 l.

873 1688 930 1727 ln
945 1686 1023 1728 Νιι
1030 1682 1100 1727 (al
1099 1687 1116 1727 ι’
1127 1683 1173 1728 M
1180 1693 1300 1742 arsy!
1306 1699 1386 1727 'um
1396 1719 1403 1728 .

524 1878 559 1925 I.
603 1878 801 1934 QUANDO
826 1876 1037 1921 honorem
1073 1875 1340 1939 Martyribus
1360 1875 1629 1933 exhibemus,
1672 1877 1837 1924 Christi

460 1950 620 1996 amicos
669 1948 950 1993 honoramus,
999 1947 1205 2002 Quaeritis
1251 1963 1351 2009 quae
1397 1963 1524 1992 causa
1572 1965 1641 1993 eos
1679 1949 1838 1994 amicos

461 2019 627 2066 Christi
650 2018 829 2064 fecerit?
857 2018 954 2080 lpse
979 2016 1180 2063 Christus
1205 2016 1419 2070 ostendit3
1441 2017 1499 2063 ait
1522 2018 1635 2063 enim
1664 2036 1675 2063 z
1703 2040 1722 2059 «
1743 2020 1839 2065 Hoc

462 2114 482 2133 »
509 2102 571 2136 est
595 2099 869 2153 praeceptum
895 2104 1060 2140 meum,
1082 2098 1131 2132 ut
1155 2086 1342 2146 diligatis
1361 2087 1574 2132 invicem*2
1600 2109 1620 2129 ›>
1645 2088 1841 2149 Diligunt

456 2161 643 2208 invicem
670 2159 744 2222 qui
776 2158 1006 2203 histriones
1035 2157 1163 2203 simul
1185 2168 1405 2221 spectant,
1436 2157 1624 2217 diligunt
1653 2159 1840 2205 invicem

460 2233 536 2296 qui
559 2230 687 2277 simul
707 2246 748 2274 se
768 2229 811 2273 in
840 2228 1014 2291 popinis
1035 2227 1279 2284 inebriant,
1317 2226 1504 2286 diligunt
1523 2228 1710 2274 invicem
1728 2229 1840 2274 mala

456 2303 540 2349 sihi
571 2299 833 2347 conscientia
867 2299 1030 2346 sociati.
1083 2303 1195 2344 Cum
1238 2315 1339 2357 ergo
1386 2298 1557 2342 dixisset
1593 2299 1795 2344 Christus
1826 2317 1836 2343 :

462 2396 482 2415 «
506 2373 603 2418 Hoc
619 2381 681 2416 est
698 2378 975 2433 praeceptum
996 2385 1142 2414 meum
1162 2406 1173 2425 ,
1202 2379 1251 2414 ut
1270 2367 1461 2427 diligatis
1486 2367 1692 2426 invicem,
1717 2390 1737 2410 >›
1761 2369 1841 2414 de·-

461 2443 562 2490 buit
578 2441 840 2499 distinguere
859 2438 1150 2485 dilectionem.
1183 2438 1302 2483 Fecit
1322 2438 1471 2500 utique
1500 2455 1511 2483 ι
1540 2437 1699 2485 audite.
1727 2438 1841 2484 Cum

460 2514 577 2560 enim
599 2511 800 2558 dixisset:
828 2530 848 2550 c<
864 2508 961 2553 Hoc
992 2519 1055 2554 est
1078 2518 1351 2572 praeceptum
1378 2523 1526 2553 meum
1544 2545 1555 2565 ‚
1582 2518 1631 2554 ut
1655 2507 1842 2570 diligatis

512 2603 523 2627 ¹
543 2601 630 2636 Alias
649 2601 706 2643 28,
725 2610 764 2631 cx
780 2597 1023 2632 sirmondianis.
1040 2615 1085 2622 -
1100 2596 1116 2620 2
1132 2600 1228 2631 Joan.
1246 2607 1320 2635 xxv,
1339 2607 1392 2631 12.
