1942 3272
463 289 554 335 322
886 304 921 332 s.
964 302 1210 333 Aucusrim
1246 304 1449 336 EPISCOPI

459 379 694 425 caverunt,
725 377 767 413 et
795 368 955 414 mortui
995 377 1106 414 sunt.
1140 367 1212 413 Sic
1243 369 1368 415 etiam
1410 371 1607 417 eumdem
1649 385 1835 437 potum:

460 462 479 482 «
506 441 631 485 Petra
657 440 770 485 enim
790 450 882 485 erat
906 437 1141 485 e'111-istus1.
1161 461 1180 479 »
1205 440 1415 486 liumdem
1432 459 1531 502 ergo
1545 454 1695 506 potum
1711 462 1839 508 quem

458 528 553 568 nos,
577 511 649 557 sed
675 510 910 574 spiritalem
937 528 947 554 ι
973 509 1015 555 id
1036 520 1116 564 est,
1153 510 1228 574 qui
1251 511 1337 556 side
1355 513 1627 575 capiebatur,
1654 532 1739 561 non
1765 516 1841 579 qui

459 599 640 646 corpore
669 581 968 628 hauriebatur.
1008 580 1195 627 Audistis
1225 582 1421 628 eumdem
1458 594 1638 646 potum,
1670 608 1690 627 α
1714 588 1841 633 Petra

459 675 479 696 >)
504 664 594 699 erat
631 652 832 698 Christus
865 671 875 697 t
910 674 930 694 >2
957 670 1042 698 non
1078 652 1192 697 enim
1222 652 1327 698 alter
1348 653 1546 700 Christus
1571 665 1704 713 tune,
1736 657 1842 703 alter

457 741 591 771 nunc.
628 723 771 769 Altera
804 723 979 788 quidem
1003 722 1076 768 illa
1105 734 1226 786 petra
1246 724 1282 776 2„
1319 723 1423 770 alter
1457 724 1568 788 lapis
1599 744 1728 789 quem
1757 728 1843 774 sibi

456 795 606 859 posuit
629 794 683 841 ad
702 805 838 858 eaput
861 793 1056 848 Jacob33
1089 794 1195 840 alter
1225 811 1358 854 agnus
1389 796 1556 841 occisus
1575 807 1622 842 ut
1651 798 1841 844 mandu-

459 876 630 911 caretur
668 865 865 918 Pascha,
911 865 1017 910 alter
1046 865 1151 911 aries
1186 864 1356 910 haerens
1386 866 1430 911 in
1450 867 1657 929 vepribus
1680 869 1841 915 inimo-

458 936 631 992 landus‚
654 935 831 1000 quando
857 935 946 981 filio
967 953 1043 981 suo
1066 936 1262 999 pepercit
1289 936 1509 982 Abrabam
1528 941 1690 996 jussus,
1713 957 1842 1002 quem

453 1011 596 1068 jussus
619 1006 865 1052 obtulerat4
888 1024 898 1051 ε
925 1005 1057 1052 altera
1081 1005 1172 1051 ovis
1195 1016 1236 1050 et
1261 1005 1391 1051 altera
1415 1007 1523 1062 ovis,
1549 1007 1655 1053 alter
1674 1008 1784 1072 lapis
1801 1021 1843 1056 et

459 1076 710 1140 alterlipis
736 1075 849 1122 idem
877 1086 1019 1121 tamen
1048 1077 1080 1118 (
1088 1075 1249 1121 hristus
1277 1093 1287 1120 ε
1316 1076 1411 1121 ideo
1435 1077 1633 1123 cumdem
1659 1079 1839 1136 cibum,

458 1148 556 1195 ideo
585 1147 784 1194 eumdem
825 1157 995 1210 potum.
1036 1146 1233 1210 Denique
1271 1164 1473 1210 percussa
1503 1159 1564 1193 est
1596 1148 1690 1212 ipsa
1720 1161 1843 1213 petra

458 1219 593 1280 lig,uo
613 1230 686 1265 ut
675 1235 785 1282 aqua
804 1217 1039 1263 defluerezt
1061 1218 1180 1277 virgi
1203 1217 1316 1262 enim
1338 1235 1537 1280 peleussa
1565 1219 1670 1266 est5.
1699 1221 1843 1275 Ouare

460 1290 595 1350 liguo
619 1307 705 1335 non
729 1288 860 1345 ferro,
888 1287 969 1333 uisi
990 1287 1090 1350 quia
1114 1304 1217 1333 crux
1245 1287 1299 1332 ad
1325 1287 1550 1333 Christum
1577 1290 1769 1345 accessit
1797 1302 1845 1337 ut

460 1361 586 1406 nobis
607 1360 786 1420 gratiam
809 1358 1093 1422 propinaret?
1116 1358 1325 1404 Eumdem
1342 1376 1441 1418 ergo
1460 1360 1627 1416 eibum,
1644 1328 1844 1407 eumdem

461 1442 634 1495 potum,
674 1430 746 1476 sed
780 1429 1122 1489 intelligentibus
1144 1440 1186 1474 et
1215 1429 1506 1477 credentibus.
1550 1432 1648 1476 Non
1680 1432 1845 1478 intelli-

463 1502 662 1562 gentibus
687 1511 848 1556 autem,
873 1499 980 1545 illud
1006 1499 1142 1544 solum
1163 1517 1339 1555 manua,
1374 1499 1444 1544 illa
1470 1499 1558 1545 sola
1578 1518 1689 1564 aqua
1725 1521 1736 1555 ;
1775 1501 1845 1547 ille

462 1572 588 1623 cibus
616 1570 834 1626 esurienti,
866 1581 995 1634 potus
1020 1569 1096 1614 iste
1116 1569 1275 1614 sitienti
1295 1589 1305 1622 ;
1333 1587 1410 1615 nec
1430 1569 1524 1626 illc,
1548 1588 1627 1616 noe
1650 1572 1728 1617 iste
1749 1589 1845 1617 cre-

464 1643 584 1689 denti
611 1661 622 1688 :
646 1641 837 1688 eredenti
856 1652 996 1687 autem
1018 1639 1130 1686 idem
1157 1640 1232 1702 qui
1258 1657 1389 1686 nune.
1417 1641 1541 1686 Tune
1569 1642 1681 1687 enim
1698 1642 1845 1688 Chris-

468 1726 534 1760 tus
553 1725 762 1760 venturus
779 1750 790 1768 ,
818 1711 949 1757 modo
984 1710 1187 1768 Clu-istus,
1211 1711 1343 1757 venit.
1385 1711 1600 1757 venturus
1629 1723 1671 1757 et
1697 1712 1842 1770 venit,

466 1784 632 1830 diversa
655 1784 786 1830 verba
814 1792 938 1837 sunt,
970 1780 1041 1826 sed
1066 1780 1182 1826 idem
1206 1780 1419 1828 Christus.

533 1855 606 1901 lv.
651 1853 828 1917 Aliquid
853 1852 1001 1906 etiam,
1021 1851 1226 1914 quoniam
1254 1868 1319 1895 res
1346 1851 1464 1897 venit
1486 1851 1530 1897 in
1554 1852 1766 1909 medium,
1794 1852 1847 1899 de

474 1926 751 1973 dubitatione
774 1923 926 1970 stimuli
957 1923 1036 1967 Dei
1070 1922 1208 1985 Moysi
1237 1921 1333 1967 volo
1362 1922 1517 1969 dicere.
1553 1923 1709 1983 Figura
1732 1925 1847 1970 enim

468 2009 558 2044 erat.
581 2007 773 2043 veterum
800 1995 929 2040 etiarn
957 1994 1034 2039 ista
1061 2003 1322 2039 sanctoruni.
1353 1992 1583 2038 Dubitavit
1606 1993 1660 2039 ad
1692 2011 1846 2057 aquam

469 2070 664 2132 Moyses3
689 2066 864 2131 quando
888 2075 1057 2128 petram
1088 2064 1207 2123 virga
1237 2064 1450 2127 percussit
1474 2074 1522 2109 ut
1543 2065 1652 2127 aqua
1678 2065 1844 2123 flueret,

471 2139 706 2186 dubitavit.
740 2137 1063 2183 Dubitationein
1093 2146 1232 2180 autem
1256 2137 1345 2193 ejus
1370 2133 1510 2193 legens
1534 2136 1717 2198 quisque
1741 2136 1849 2182 forte

473 2209 699 2264 transiret,
737 2225 817 2254 nec
854 2206 1131 2264 intelligeret,
1172 2204 1275 2266 quia
1313 2220 1391 2248 nec
1425 2221 1618 2266 quaerere
1654 2206 1841 2254 auderet.

473 2280 662 2327 Domino
687 2290 829 2325 autem
855 2279 944 2322 Deo
968 2275 1188 2321 dubitatio
1215 2274 1289 2319 illa
1319 2274 1560 2337 displicuit,
1590 2286 1631 2321 et
1653 2294 1744 2322 eam
1766 2294 1849 2323 no-

472 2351 600 2407 tavit,
626 2367 714 2396 non
743 2349 879 2395 solum
907 2344 1143 2407 argueucl.0‚
1172 2344 1244 2390 sed
1270 2344 1398 2389 etiam
1426 2345 1704 2393 vindicando.
1739 2348 1848 2392 Nam

474 2433 656 2487 propter
684 2421 801 2467 hanc
827 2417 1148 2465 dubitationem
1173 2415 1334 2462 dicitur
1358 2416 1528 2478 Moysi:
1550 2438 1570 2458 ι(
1590 2417 1687 2463 Non
1709 2417 1849 2463 intro-

524 2543 536 2565 1
560 2554 571 2573 ι
596 2543 670 2573 Cor.
690 2552 722 2576 x,
742 2545 772 2576 4.
792 2553 839 2562 —-
855 2535 871 2558 2
888 2535 992 2568 Exod.
1014 2547 1094 2578 xvu,
1122 2536 1154 2569 6.
1181 2552 1223 2559 -—
1242 2530 1257 2556 3
1281 2535 1366 2567 Gen.
1393 2544 1506 2576 xxvm,
1537 2545 1589 2567 11.
1606 2550 1652 2558 —
1668 2531 1684 2558 ‘¹
1703 2534 1751 2567 td.
1765 2546 1847 2578 xxu,

482 2597 534 2630 13.
550 2611 596 2619 -
615 2592 629 2616 ⁵
646 2593 749 2626 Exod.
769 2603 854 2639 xva?
879 2591 911 2629 5,
928 2591 961 2620 6.
