1999 3324
463 313 491 358 6
759 363 766 368 ,
874 328 908 358 5.
951 327 1194 358 aucus-rim
1230 328 1431 359 El‘tSCOPI

465 392 550 439 suis
568 431 578 447 ,
605 396 695 455 jam
725 392 995 455 praenuntiat
1022 392 1288 454 passionem5
1311 402 1352 438 et
1371 393 1477 440 dicit
1501 412 1512 439 ε
1540 415 1560 436 «
1588 394 1700 440 Cum
1733 410 1839 440 esses

467 485 488 505 »
509 462 673 523 junior,
699 462 900 521 cingebas
929 472 990 517 te,
1020 472 1060 506 et
1076 461 1171 507 ibas
1195 479 1282 525 quo
1302 463 1454 517 velles;
1485 481 1585 510 cum
1608 475 1749 510 autem
1773 482 1842 509 se-

471 555 492 575 »
514 533 611 597 nior
622 531 761 578 factus
778 531 926 587 fueris„
944 532 1049 577 alter
1066 542 1105 576 te
1121 532 1282 592 cinget,
1304 543 1344 577 et
1361 533 1466 580 feret
1482 551 1568 597 quo
1588 545 1635 580 tu
1652 552 1740 579 non
1757 535 1837 581 vis.

468 625 491 646 ))
516 604 613 649 Hoc
649 612 793 650 autem
831 601 1034 658 dicebat,
1073 602 1133 647 ait
1156 602 1452 663 Evangelista‚
1489 604 1736 663 significans
1759 621 1845 667 qua

472 696 494 740 ³.)
517 683 657 719 morte
686 672 1001 718 clarificaturus
1032 683 1137 717 esset
1174 673 1313 718 Deum
1332 673 1366 719 ¹1.
1399 695 1419 714 ›>
1445 674 1608 720 Videtis
1640 674 1726 719 hoc
1750 690 1846 737 per-

473 745 608 791 tinere
657 743 711 789 ad
755 743 994 806 pascendas
1031 760 1129 790 oves
1160 744 1367 800 Domini,
1418 755 1467 790 ut
1515 762 1603 790 non
1629 755 1849 790 recusetur

474 832 589 861 mors
612 830 694 877 pro
717 814 872 859 ovibus
895 814 1084 860 Domini.

541 884 616 931 lV.
659 906 679 925 «
703 885 835 929 Pasce
851 900 949 929 oves
972 901 1098 931 meas.
1128 906 1147 926 x>
1169 884 1458 930 Commendat
1475 902 1572 931 oves
1593 885 1766 941 idoneo,
1797 902 1852 930 an

476 955 620 1002 minus
639 954 821 1000 idoneo?
848 955 1013 1010 Primo,
1036 972 1142 1017 quas
1162 972 1259 1000 oves
1286 955 1594 1001 commendat?
1621 957 1848 1010 Pretiosas,

479 1036 664 1088 emptas,
685 1041 773 1069 non
803 1041 924 1079 auro,
952 1041 1039 1069 non
1064 1035 1255 1084 argento,
1287 1025 1359 1070 sed
1379 1025 1599 1084 sanguine.
1635 1026 1681 1070 Si
1708 1025 1854 1070 domi-

481 1112 563 1142 nus
586 1094 719 1140 homo
742 1094 1064 1139 commendaret
1091 1111 1210 1140 servo
1233 1111 1308 1139 suo
1332 1111 1429 1140 oves
1453 1112 1564 1150 suas,
1590 1095 1747 1158 procul
1768 1095 1856 1140 du-

482 1166 559 1213 bio
587 1165 812 1224 cogitaret,
846 1174 992 1224 utrum
1016 1164 1235 1228 peculium
1263 1165 1371 1211 servi
1393 1164 1507 1210 illius
1530 1165 1734 1210 idoneum
1753 1175 1860 1210 esset

483 1236 677 1300 pretium
701 1233 847 1280 ovium
869 1252 1061 1290 suarum,
1085 1245 1126 1279 et
1148 1235 1309 1287 diceret
1335 1252 1344 1278 :
1373 1234 1417 1278 Si
1438 1234 1694 1297 perdiderit,
1724 1235 1759 1279 si
1775 1234 1860 1280 dis-

487 1305 710 1370 sipaverit,
734 1305 768 1349 si
787 1305 1118 1367 consumpserit,
1145 1305 1280 1351 habet
1299 1304 1413 1356 unde
1430 1304 1596 1351 reddat.
1630 1305 1861 1349 Commen-

488 1376 611 1422 daret
636 1391 735 1434 ergo
759 1391 879 1419 servo
905 1374 1059 1419 idoneo
1084 1392 1182 1420 oves
1205 1392 1322 1431 suas,
1357 1385 1398 1419 et
1429 1375 1537 1419 servi
1568 1374 1794 1420 facultates
1816 1373 1863 1419 in

489 1445 675 1510 pecunia
703 1454 931 1507 quaereret‚
956 1462 1037 1507 pro
1061 1445 1215 1500 ovibus
1239 1462 1346 1507 quas
1362 1445 1547 1508 pecunia
1572 1444 1856 1507 comparavit.

491 1517 528 1562 N
537 1532 620 1561 unc
642 1531 743 1560 vero
763 1514 973 1559 Dominus
990 1515 1112 1559 Jesus
1136 1514 1354 1570 Christus,
1382 1515 1485 1577 quia
1510 1531 1628 1560 servo
1647 1531 1865 1560 commen-

493 1586 568 1632 dat
593 1601 714 1640 oveS‚
751 1600 858 1646 quas
889 1584 1093 1644 sanguine
1129 1584 1426 1647 compararim
1454 1585 1733 1630 idoneitatem
1758 1583 1868 1630 servi

492 1657 538 1702 in
568 1655 764 1719 passione
797 1654 1014 1714 sanguinis
1046 1654 1216 1716 quaerit.
1250 1658 1478 1717 Tanquam
1510 1654 1671 1700 diceret
1697 1672 1708 1699 ε
1736 1657 1869 1699 Pasce

496 1742 594 1772 oves
619 1741 751 1780 meas,
780 1724 1036 1769 commendo
1069 1724 1149 1769 tibi
1174 1741 1271 1770 oves
1294 1741 1421 1770 meas.
1453 1725 1573 1780 Quas
1595 1726 1719 1770 oves?
1751 1724 1870 1780 Quas

497 1796 581 1841 emi
603 1794 809 1853 sanguine
829 1811 937 1840 meo.
965 1798 1164 1839 'Mortuus
1184 1810 1277 1839 sum
1298 1811 1378 1857 pro
1395 1794 1465 1840 eis.
1502 1796 1629 1839 Amas
1646 1796 1746 1838 me?
1768 1798 1871 1839 Mo-

500 1882 591 1912 rere
614 1881 694 1928 pro
718 1864 790 1910 eis.
823 1864 878 1911 Et
901 1863 1078 1926 quidem
1105 1880 1248 1908 servus
1270 1863 1340 1909 ille
1365 1863 1553 1913 hominis
1576 1864 1709 1908 homo
1733 1880 1873 1926 pecu-

498 1936 616 1981 niam
642 1934 839 1980 redderet
856 1952 936 1997 pro
956 1935 1222 1997 consumptis
1245 1934 1400 1980 ovibus
1418 1952 1428 1985 ς
1450 1935 1601 1979 Petrus
1620 1934 1872 1992 sanguinem

500 2004 691 2051 reddidit
714 2021 794 2067 pro
819 2004 974 2050 ovibus
999 2005 1273 2050 conservatis.

567 2075 617 2121 V.
656 2075 752 2130 Eia,
766 2074 935 2131 fratres,
957 2074 1123 2137 aliquid
1136 2092 1216 2137 pro
1236 2086 1428 2137 tempore
1444 2075 1543 2121 volo
1561 2075 1717 2122 dicere.
1745 2075 1878 2131 Quod

502 2147 632 2191 Petro
651 2144 1004 2190 commendatum
1022 2156 1101 2201 est,
1125 2145 1244 2208 quod
1264 2146 1392 2190 Petro
1412 2145 1667 2190 mandatum
1686 2155 1765 2201 est,
1791 2163 1880 2191 non

505 2217 659 2262 Petrus
675 2214 805 2271 solus,
824 2214 896 2260 sed
914 2215 1043 2260 etiam
1063 2215 1135 2260 alii
1151 2215 1347 2278 Apostoli
1364 2215 1611 2267 audierunt,
1630 2226 1876 2271 tenuerunt,

504 2296 798 2342 servaverunt,
836 2285 1104 2348 maximeque
1136 2285 1227 2349 ipse
1261 2302 1434 2330 consors
1470 2285 1688 2344 sanguinis
1724 2295 1766 2330 et
1797 2285 1883 2330 diei

510 2356 728 2421 apostolus
759 2356 936 2402 Paulus.
977 2355 1222 2401 Audierunt
1255 2356 1353 2412 ista,
1390 2366 1432 2400 et
1469 2355 1523 2400 ad
1556 2372 1633 2400 nos
1668 2354 1884 2400 audienda

506 2426 850 2472 transmiserunt.
890 2425 1109 2471 Pascimus
1137 2443 1237 2482 vos,
1269 2425 1490 2488 pascimur
1515 2425 1758 2471 vobiscum.
1801 2424 1886 2468 Det

507 2497 633 2543 nobis
656 2498 769 2542 Deus
795 2497 902 2543 vires
923 2496 982 2541 sic
1001 2497 1175 2542 amandi
1197 2514 1288 2553 vos,
1318 2507 1366 2541 ut
1386 2496 1598 2559 possimus
1622 2495 1751 2540 etiam
1775 2494 1887 2539 mori

511 2586 591 2634 pro
614 2567 756 2623 vobis,
780 2578 854 2633 aut
876 2568 1048 2630 effectu,
1070 2578 1146 2614 aut
1163 2568 1332 2614 affectu.
1360 2568 1459 2613 Non
1476 2566 1589 2612 enim
1607 2565 1710 2628 quia
1727 2564 1751 2609 J
1756 2564 1887 2610 oanni

561 2658 688 2690 ¹J0an.
707 2667 777 2701 xxc,
797 2660 850 2699 18,
872 2669 925 2698 ¹9·
