1899 3241
158 312 301 346 SERMO
336 311 520 352 cccvnl,
560 311 606 341 IN
643 311 880 343 DECOLLAT.
922 312 964 343 B.
997 312 1188 345 JOANNIS
1224 316 1351 348 BAPT.
1395 303 1457 365 93

92 380 176 427 fuit
192 377 495 426 consuetudini
514 387 686 425 nostrae.
722 377 933 424 Timendo
953 378 1093 425 Deum
1119 381 1375 431 abstulimus
1392 390 1464 447 ju-

93 450 301 496 rationem
334 447 388 494 de
417 465 488 494 ore
518 457 676 493 nostro,
724 448 835 493 Ecce
872 448 1100 495 vobiscum
1126 451 1342 499 vivimus:
1367 456 1464 519 quis

93 536 171 566 nos
190 517 424 583 aliquando
444 517 612 564 audivit
623 521 850 578 jurantes?
868 518 1096 583 Numquid
1119 538 1206 567 non
1234 540 1462 573 consueve-

92 600 160 635 rat
181 588 379 654 quotidie
391 591 573 649 jurare?
595 588 652 633 At
676 588 753 634 ubi
775 589 857 649 legi
875 626 886 645 ‚
911 599 953 634 et
978 590 1104 636 timui
1123 628 1133 648 ,
1154 591 1344 640 luctatus
1369 613 1463 642 sum

93 669 244 706 contra
263 658 620 705 consuetudinem
643 676 808 716 meam,
829 660 874 705 in
896 660 988 724 ipsa
1013 659 1248 708 luctatione
1264 664 1464 713 invocavi

92 729 333 776 Dominum
359 728 599 789 adjutorem
611 728 644 775 1.
672 729 881 775 Praestitit
907 729 1018 775 mihi
1047 731 1258 778 Dominus
1286 734 1463 795 adjuto-

91 799 206 846 rium
228 816 317 845 non
341 798 534 860 jurandi.
567 798 690 844 Nihil
714 799 822 846 mihi
847 799 1014 855 facilius
1031 810 1110 858 est,
1133 818 1264 865 quam
1292 822 1379 850 non
1392 809 1463 866 Ju-

91 886 199 916 rare.
231 869 327 915 Hoc
343 869 440 915 ideo
459 869 665 914 admonui
688 868 954 914 Charitatem
971 869 1163 916 Vestram
1177 909 1188 928 ‚
1210 889 1262 918 ne
1279 873 1432 921 dicatis
1449 894 1459 921 :

93 940 204 996 Quis
228 943 401 1004 potest?
429 940 468 984 O
502 940 536 985 si
568 940 684 986 Deus
706 939 932 996 timeatur,
959 957 984 985 o
1008 941 1041 986 si
1064 943 1227 1005 perjuri
1257 961 1464 1008 expaves—

91 1013 223 1057 cant?
243 1010 391 1070 lingua
408 1010 619 1067 frenatur,
642 1011 798 1058 veritas
821 1021 1008 1068 tenetur,
1030 1013 1193 1072 juratio
1213 1013 1394 1064 tollitur.

92 1192 248 1204 wsvssss
257 1191 772 1202 smsmmvsmwvvmm=sm
780 1192 872 1204 tussa-
881 1194 897 1204 n
906 1193 1089 1204 sssm==ae=
1098 1195 1108 1203 ι
1117 1195 1209 1204 κων-ι
1219 1195 1252 1205 ις
1261 1196 1273 1204 ι
1283 1196 1397 1207 Ἁκιπι
1406 1198 1462 1208 ss*

513 1330 720 1377 SERMO
759 1330 986 1378 CCCVIII
1002 1331 1035 1378 ’1.

448 1474 501 1517 In
517 1472 685 1516 eadem
699 1472 1019 1530 solemnitate,
1040 1477 1063 1517 l
1071 1478 1102 1519 Ι.

157 1638 191 1684 Ι.
234 1638 442 1683 Pnopmu
461 1637 583 1683 hunc
600 1637 906 1700 locum‚quem
926 1636 1056 1683 hodie
1080 1638 1341 1698 audivimus,
1363 1660 1462 1690 cum

91 1708 372 1768 Evangelium
397 1708 650 1754 recitaretur
669 1745 680 1765 ,
715 1707 814 1753 dico
840 1707 1055 1753 Charitati
1086 1710 1245 1756 Vestrae
1274 1730 1283 1756 :
1311 1714 1465 1761 videtis

88 1779 292 1825 miserum
329 1779 461 1824 istum
499 1778 738 1835 Herodem,
777 1780 988 1824 joannem
1023 1791 1219 1826 sanctum
1251 1783 1392 1829 virum
1425 1796 1466 1831 et

91 1850 172 1895 Dei
215 1849 437 1895 hominem
474 1848 665 1895 dilexisse
699 1865 712 1896 ι
751 1848 825 1895 sed
865 1851 1068 1912 quoniam
1110 1861 1265 1897 temere
1301 1857 1465 1913 juravit

91 1919 238 1965 ebrius
254 1920 403 1966 laetitia
423 1930 463 1964 et
482 1919 766 1966 delectatione
782 1919 993 1974 saltantis,
1018 1919 1223 1967 daturum
1244 1940 1286 1968 se
1305 1926 1466 1988 promi-

92 1989 146 2034 sit
166 1989 383 2052 quidquid
401 1989 474 2034 illa
494 1988 636 2051 puella
657 2026 667 2044 ‚
704 2006 805 2052 quae
829 1988 1025 2034 saltando
1044 1990 1285 2052 placuerat,
1307 2012 1465 2058 popos-

92 2059 230 2106 cisset.
263 2062 318 2105 At
343 2059 418 2105 ubi
454 2059 654 2121 poposcit
686 2076 775 2104 rem
800 2058 1017 2104 crudelem
1041 2070 1082 2104 et
1108 2061 1331 2115 nefariam,
1356 2082 1464 2110 cou—

92 2129 284 2175 tristatus
306 2140 368 2174 est
388 2128 595 2191 quidem3
637 2129 817 2174 videbat
844 2129 957 2173 enim
984 2139 1152 2174 tantum
1176 2132 1312 2177 scelus
1336 2134 1423 2179 fieri
1453 2153 1462 2179 :

92 2198 165 2244 sed
189 2199 356 2262 positus
378 2199 490 2244 inter
510 2198 769 2256 jurationem
803 2214 921 2242 suam
948 2209 989 2242 et
1010 2198 1166 2261 puella·
1188 2202 1463 2263 petitionem,

94 2268 171 2313 ubi
205 2269 381 2315 videbat
410 2278 636 2314 cruentum
670 2268 855 2322 savinus,
887 2268 949 2313 ibi
988 2285 1134 2314 rursus
1160 2270 1341 2318 timebat
1372 2291 1466 2319 rea-

93 2347 187 2384 tum
212 2338 416 2402 perjurii3
442 2356 494 2383 ne
516 2339 655 2383 Deum
680 2337 913 2383 offenderet
930 2339 1213 2401 perjurando,
1247 2341 1379 2387 Deum
1399 2345 1468 2390 oi—

94 2407 232 2455 seudit
266 2407 496 2454 saeviendo.
533 2408 652 2453 Dicit
685 2407 794 2452 mihi
822 2407 976 2470 aliquis
1004 2426 1013 2452 :
1043 2408 1162 2464 Quid
1189 2422 1288 2469 ergo
1318 2412 1466 2459 debuit

93 2477 233 2524 faeere
268 2478 494 2524 Herodes?
529 2479 573 2523 Si
611 2478 755 2523 dixero
789 2495 800 2523 :
831 2478 927 2523 lNon
970 2477 1122 2523 debuit
1157 2484 1301 2538 jurare
1331 2499 1341 2526 :
1372 2485 1466 2546 quis

95 2562 182 2593 non
202 2547 348 2595 videat
368 2548 453 2593 hoc
476 2564 574 2593 eum
607 2565 694 2593 non
721 2548 860 2594 facere
890 2546 1121 2593 debuisse?
1143 2548 1228 2593 Sed
1255 2566 1340 2596 non
1364 2569 1465 2597 eon-

144 2637 155 2660 Ι
172 2638 255 2670 Vide
273 2640 343 2670 Ser.
370 2639 439 2677 180,
453 2646 486 2671 n.
506 2649 556 2673 ιο,
575 2656 619 2663 —
636 2639 651 2660 Ἰ
669 2638 754 2670 Alias
769 2648 815 2677 xi,
832 2649 871 2669 ex
893 2637 1006 2670 additi·
1024 2648 1041 2670 n
1060 2636 1295 2670 Purisieambuu.
