1863 3246
208 269 352 300 SERMO
388 268 589 310 CCCLXXI,
629 269 684 299 DE
721 268 982 300 NATIVITATE
1018 270 1198 303 DOMINI.
1336 259 1430 319 499

54 332 281 397 pertineat.
301 335 399 380 Non
409 333 650 379 invenimus
664 324 957 380 testimonium
970 335 1244 398 perhibuisse
1257 331 1433 386 Christo

57 403 302 461 adulteros,
341 404 649 461 fornicatores,
689 405 951 452 immundos.
997 407 1052 450 Et
1085 418 1132 452 ut
1156 426 1179 453 a
1203 408 1362 455 talibus
1397 409 1435 455 ei

56 474 352 520 testimonium
383 474 713 538 perhiberetur,
739 476 831 539 ipse
853 476 1088 539 praestitit,
1116 477 1206 540 ipse
1236 479 1427 527 donavit.

58 545 156 590 Non
171 545 288 590 enim
305 545 535 608 quisquam
553 556 725 591 sanctus
740 546 910 591 viribus
928 546 1028 592 suis.
1054 547 1302 594 Exultemus
1315 566 1433 610 ergo,

58 615 314 662 charissimi.
362 616 432 662 Ab
470 616 682 662 hodierno
721 616 790 661 die
829 627 1030 662 crescunt
1067 617 1168 665 dies.
1217 619 1354 665 Crede
1389 621 1436 666 in

59 686 304 742 Christum,
323 697 365 732 et
382 687 536 733 crescit
558 687 604 733 in
628 698 668 732 te
688 687 791 734 dies.
824 686 1088 735 credidisti?
1114 689 1352 736 Inchoatus
1375 702 1440 738 est

59 757 162 804 dies.
189 758 442 821 Baptizatus
463 761 531 804 es?
553 759 690 804 Natus
713 769 774 803 est
796 758 998 804 Christus
1015 759 1061 804 in
1078 759 1208 805 corde
1228 771 1317 809 tuo.
1351 762 1437 808 Sed

59 828 277 892 numquid
301 828 500 875 Christus
524 839 651 874 natus
671 829 730 874 sic
752 828 981 875 remansit?
1010 830 1173 886 Crevit,
1203 831 1257 877 ad
1275 835 1439 891 juven-

65 909 199 945 tutem
224 900 448 963 pervenit:
465 899 539 946 sed
564 900 610 945 in
635 910 896 945 senectutem
917 917 1005 945 non
1024 900 1272 949 declinavit.
1307 903 1440 949 Cres-

0 966 1 980 *
62 980 134 1016 cat
155 987 254 1030 ergo
275 981 317 1016 et
343 970 449 1016 fides
473 981 564 1026 tua,
586 971 723 1016 robur
740 971 950 1027 inveniat,
980 981 1235 1017 vetustatem
1260 974 1435 1020 nesciat.

64 1041 137 1087 Sic
175 1041 413 1105 pertinebis
451 1042 506 1087 ad
542 1042 766 1088 Christum
808 1042 966 1087 Filium
1006 1042 1103 1097 Dei,
1141 1043 1184 1087 in
1224 1043 1444 1108 principio

62 1111 258 1157 Verbum
286 1111 404 1176 apud
431 1113 596 1166 Deum3
626 1113 818 1157 Verbum
843 1113 1008 1166 Deum;
1036 1112 1109 1158 sed
1134 1113 1328 1159 Verbum
1352 1131 1445 1160 car-

63 1198 162 1227 nem
182 1181 367 1237 factum,
395 1193 444 1228 ut
466 1183 688 1228 habitaret
713 1184 755 1228 in
785 1183 924 1229 nobis.
957 1186 1160 1242 Majestas
1179 1184 1242 1229 ihi
1259 1184 1440 1239 latebat,

65 1251 144 1296 ubi
168 1251 398 1297 infirmitas
421 1253 676 1316 apparebat.
704 1254 754 1298 In
775 1269 926 1297 manus
947 1269 1043 1298 suas
1064 1253 1238 1298 Simeon
1257 1254 1444 1298 infirmi—

65 1332 198 1367 tatem
218 1322 405 1385 accepit‚
436 1322 510 1367 sed
536 1327 802 1382 majestatem
826 1323 941 1368 intus
960 1324 1148 1381 agnoxit.
1183 1325 1317 1369 Nemo
1338 1341 1447 1369 eon-

66 1402 232 1437 temnat
259 1402 435 1448 natum,
470 1392 504 1437 si
535 1391 631 1437 vult
653 1408 738 1437 esse
761 1402 946 1438 renatus.
990 1392 1055 1438 Ad
1087 1391 1210 1436 illum
1239 1393 1450 1456 pertinuit

67 1473 249 1526 propter
277 1479 354 1508 nos
377 1462 522 1519 nasci,
550 1461 604 1508 ad
633 1479 710 1507 nos
735 1462 951 1526 pertineat
980 1462 1025 1507 in
1057 1462 1132 1507 illo
1167 1463 1328 1508 renasci
1348 1463 1450 1525 :qui

67 1532 176 1579 vivit
193 1543 235 1579 et
258 1542 408 1592 regnat
426 1533 471 1578 in
489 1532 647 1579 saecula
667 1532 942 1579 sawutorum.
975 1533 1126 1578 Amen.

74 1718 629 1730 §sssmmxmmnqwzwxss
637 1718 755 1729 Qum-¹
765 1718 1065 1730 *mus-§tzxsssws
1076 1719 1127 1729 ις’
1138 1719 1188 1729 ιιη
1198 1720 1213 1730 ι

478 1849 684 1897 SERMO
721 1848 835 1895 CCC
845 1849 985 1894 Lxxl
1012 1848 1044 1895 1.

410 1991 481 2036 De
514 1990 769 2034 Nativilccle
786 1991 1004 2039 Domini,
1034 1991 1110 2030 Ill
1119 2023 1124 2030 .

145 2160 179 2207 Ι.
222 2158 375 2204 Nares
399 2167 461 2202 est
479 2156 605 2202 nobis
622 2155 754 2202 hodie
774 2155 990 2206 salvarat-3
1012 2164 1051 2198 et
1069 2152 1165 2199 ideo
1186 2152 1315 2200 hodie
1337 2155 1455 2200 omni

79 2229 246 2277 mundo
273 2228 347 2275 Sol
367 2245 493 2275 verus
524 2236 693 2272 exortus
724 2237 798 2272 est.
838 2226 953 2270 Deus
982 2224 1113 2270 homo
1137 2225 1275 2270 faetus
1293 2236 1379 2276 est,
1410 2237 1457 2271 ut

79 2302 214 2347 homo
235 2301 349 2346 Deus
382 2300 501 2344 fieret
523 2315 534 2343 z
566 2308 608 2343 et
629 2308 675 2343 ut
703 2312 849 2343 servus
870 2296 912 2341 in
943 2296 1175 2342 Dominum
1200 2306 1453 2347 verteretur,

82 2371 264 2418 formam
284 2369 393 2416 servi
419 2369 630 2414 Dominus
657 2368 838 2430 accepit.
875 2365 1101 2411 Habitavit
1127 2366 1170 2412 in
1195 2366 1313 2410 terris
1334 2366 1457 2410 habi-

82 2452 196 2488 tator
215 2441 459 2491 coelorum,
488 2450 534 2484 ut
575 2438 706 2483 homo
747 2436 970 2481 habitator
1009 2448 1130 2481 terra·
1163 2435 1376 2479 habitat-et
1414 2435 1457 2480 in

85 2513 220 2560 coetis.
250 2513 384 2558 Natus
400 2520 463 2559 cst
483 2528 582 2571 ergo
603 2508 727 2555 nohis
746 2506 959 2562 Salvator,
987 2522 1132 2570 passus
1151 2515 1212 2551 est
1231 2504 1344 2551 diem
1364 2523 1460 2569 par-

135 2615 144 2638 ¹
166 2613 254 2646 Alius
273 2612 311 2646 de
330 2610 472 2644 Diversis
494 2622 547 2642 α’).

1250 2659 1325 2702 ζῐυ..
