1942 3272
469 313 564 376 370
872 326 908 357 s,
951 324 1192 358 AUGus'riNI
1229 324 1445 358 EPISCOPI.

466 402 660 448 teneant,
695 389 988 455 perfruantur.
1030 390 1076 436 Si
1109 390 1252 436 lucem
1286 391 1413 438 istam
1442 408 1530 438 non
1561 402 1846 458 corrumpant

466 465 597 513 multi
614 463 808 510 videntes
827 483 839 516 ;
859 479 927 508 me
950 472 1239 526 corrumpunt
1259 462 1386 508 multi
1409 468 1630 511 amantes?
1652 464 1736 511 Sed
1760 482 1844 511 no-

465 539 565 585 lunt
595 535 740 584 venire
759 571 771 591 ,
811 534 914 597 quia
936 551 1025 579 non
1050 532 1220 579 habent
1241 533 1357 579 unde
1387 551 1455 579 me
1491 535 1656 598 possint
1678 535 1836 584 videre.

466 608 635 659 Nolunt
656 605 819 660 venire,
842 604 943 668 quia
973 602 1178 667 splendor
1198 603 1319 667 pacis
1342 604 1586 651 reverberat
1605 604 1844 668 lippitudi-

464 697 565 727 nem
598 675 883 723 dissensionis.
929 673 1038 721 Vide
1084 673 1373 720 miserandam
1404 691 1553 721 vocem
1583 674 1836 738 lipporum.

464 749 703 798 Nuntiatur
726 745 832 792 illis:
848 744 1010 791 ‘Visum
1032 754 1095 789 est
1119 753 1169 789 ut
1191 760 1342 807 pacem
1366 744 1557 791 habeant
1586 745 1836 793 Christiani.

461 821 559 869 Tali
573 818 728 866 nuntio
745 817 808 864 ilh‘
828 826 1025 879 accepto,
1048 814 1171 860 aiunt
1192 815 1303 860 inter
1319 831 1360 860 se
1383 832 1394 859 ι
1417 814 1494 861 Vae
1515 815 1840 873 nobisQuareP

462 892 616 938 Unitas
626 888 758 938 venit.
780 886 900 944 Quid
917 889 1011 932 est?
1035 902 1135 949 quae
1153 902 1252 941 vox,
1276 885 1353 931 Vae
1372 885 1516 942 nobiS,
1538 886 1679 932 unitas
1693 886 1839 934 venit?

463 964 640 1021 Quanto
656 958 815 1020 justius
833 956 1031 1004 diceretis
1049 973 1060 1000 z
1084 955 1160 1001 Vae
1180 955 1323 1011 nobiS‚
1346 955 1551 1001 dissensio
1575 957 1721 1002 venit?
1743 956 1841 1002 Ah·-

460 1035 515 1081 sit
539 1033 654 1088 hoc,
690 1040 740 1077 ut
774 1028 920 1076 veniat
947 1026 1152 1073 dissensio
1181 1045 1190 1071 :
1218 1026 1317 1072 haec
1349 1027 1540 1072 tenebrae
1562 1037 1662 1073 sunt
1683 1027 1840 1074 viden-

459 1105 588 1151 tium.
618 1103 731 1146 Nam
750 1099 869 1146 venit
898 1097 1058 1154 unitas,
1094 1095 1371 1156 gaudendum
1399 1107 1488 1153 cst,
1520 1096 1685 1145 fratres.
1717 1097 1839 1154 Quid

458 1171 703 1238 expavisti?
743 1169 896 1215 Unitas
935 1167 1078 1223 venit,
1114 1166 1283 1212 dictum
1310 1177 1385 1214 est.
1417 1168 1534 1212 Num
1562 1167 1730 1213 dictum
1749 1179 1834 1224 est,

457 1246 564 1290 Feta
590 1241 733 1297 venit,
753 1238 864 1299 ignis
885 1237 1037 1284 venit?
1070 1236 1223 1282 Unitas
1242 1236 1377 1292 venit,
1402 1237 1474 1282 lux
1496 1238 1627 1283 venit.
1662 1237 1707 1282 Si
1734 1237 1838 1283 velit

454 1315 644 1364 veridice
672 1309 955 1375 respondere.
979 1308 1095 1353 dicet
1117 1307 1243 1353 vobis
1273 1325 1284 1352 :
1309 1307 1407 1352 Non
1432 1309 1600 1371 expavi,
1623 1308 1726 1371 quia
1748 1308 1837 1354 fera

453 1387 574 1435 venit
594 1406 606 1439 ς
635 1400 723 1430 non
745 1381 859 1427 enim
884 1378 1061 1425 timidus
1079 1395 1173 1423 sum
1198 1395 1208 1423 ε
1237 1378 1310 1423 sed
1339 1378 1508 1441 expavi,
1536 1379 1638 1441 quia
1661 1378 1733 1424 lux
1758 1396 1835 1425 ve-

454 1459 544 1511 nit3
563 1456 714 1519 lippus
732 1452 846 1499 enim
867 1467 975 1496 sum.
1005 1448 1158 1494 Danda
1176 1448 1310 1508 igitur
1329 1465 1457 1511 opera
1472 1448 1669 1495 curandi.
1697 1449 1834 1494 Com-

451 1524 768 1574 municandum
787 1532 848 1567 est
872 1537 973 1566 cum
998 1519 1107 1575 illis,
1129 1518 1248 1581 quod
1271 1519 1662 1564 communicatione
1680 1536 1768 1564 non
1784 1520 1834 1566 fit

452 1608 700 1659 angustum,
730 1611 811 1658 pro
834 1591 1021 1647 viribus,
1048 1600 1263 1653 quantum
1279 1589 1489 1645 valemus,
1516 1600 1729 1652 quantum
1748 1590 1832 1636 do-

449 1682 525 1717 nat
544 1672 675 1727 Deus.

516 1739 592 1787 IV.
634 1733 854 1789 Proinde,
897 1731 1162 1787 charissimi,
1192 1730 1395 1776 exhortor
1425 1730 1692 1777 Charitatem
1721 1731 1831 1778 Ves-

451 1823 561 1858 tram
578 1846 588 1866 ,
619 1818 668 1853 ut
691 1803 930 1851 exhibeatis
948 1802 1031 1847 illis
1067 1801 1350 1846 christianam
1370 1811 1412 1846 et
1430 1800 1690 1846 catholicam
1710 1819 1830 1849 man-

449 1879 736 1928 suetudinem.
782 1875 912 1919 Nunc
949 1871 1153 1918 curandis
1186 1871 1386 1917 instatur.
1430 1872 1482 1916 In
1525 1870 1690 1917 fervore
1728 1884 1829 1918 sunt

448 1952 563 1998 oculi
599 1957 874 2000 sanctorum,
917 1954 1043 1989 caute
1085 1941 1267 1988 curandi
1286 1979 1297 1998 ‚
1339 1941 1578 2004 leniterque
1611 1942 1829 1988 tractandi

448 2033 562 2070 sunt.
589 2020 727 2065 Nemo
749 2014 956 2078 suscipiat
980 2030 1079 2059 cum
1102 2012 1248 2075 aliquo
1273 2012 1393 2058 litem
1408 2050 1419 2069 ‚
1445 2029 1572 2061 nemo
1589 2012 1692 2059 velit
1710 2030 1827 2059 nunc

446 2093 516 2141 vel
550 2093 689 2154 ipsam
721 2103 843 2133 suam
873 2083 1005 2130 fidem
1036 2082 1285 2129 altercando
1316 2082 1566 2139 defendere,
1598 2099 1650 2128 ne
1678 2082 1732 2128 de
1752 2082 1828 2128 lite

445 2162 634 2211 scintilla
669 2168 895 2212 nascatur,
930 2172 983 2200 ne
1019 2152 1317 2217 quaerentibus
1352 2153 1620 2200 occasionem
1659 2154 1826 2199 occasio

444 2234 710 2300 praebeatur.
734 2230 916 2273 Prorsus
933 2225 1181 2272 convicium
1207 2223 1355 2279 audis,
1384 2222 1517 2268 tolera
1533 2257 1545 2278 ‚
1572 2222 1794 2269 dissimula
1811 2259 1823 2279 ‚

448 2303 637 2371 praeteri.
669 2302 888 2346 Memento
916 2295 1174 2345 curandum.
1205 2293 1355 2338 Videte
1391 2309 1523 2355 quam
1549 2292 1702 2339 blandi
1724 2303 1824 2339 sunt

446 2373 606 2424 medici
628 2372 709 2427 eis,
730 2386 838 2432 quos
853 2368 983 2412 etiam
1004 2363 1266 2410 mordaciter
1291 2373 1460 2408 curant.
1494 2362 1690 2409 Audiunt
1712 2380 1821 2410 con-

445 2448 628 2502 vicium,
646 2440 849 2506 praebent
867 2435 1230 2482 medicamentum
1243 2470 1254 2489 ,
1274 2450 1354 2479 nce
1370 2432 1559 2478 reddunt
1574 2433 1820 2480 convicium

446 2516 659 2569 convicio.
688 2510 883 2560 Verbum
909 2507 964 2553 sit
986 2506 1120 2552 verbo
1142 2522 1153 2551 t
1183 2516 1231 2551 ut
1248 2521 1357 2551 unus
1381 2504 1433 2549 sit
1453 2503 1688 2560 curanduS,
1713 2503 1820 2550 alter

445 2600 571 2639 curat
590 2605 604 2632 ·.
630 2601 719 2631 non
742 2581 831 2628 duo
846 2578 1075 2638 litigantes,
1106 2577 1137 2621 F
1140 2586 1275 2621 ertote
1290 2612 1302 2632 ‚
1322 2574 1520 2631 obsecro,
1546 2573 1698 2621 fratres
1713 2574 1811 2624 mei.

447 2661 535 2712 Sed
549 2675 639 2706 non
660 2656 750 2703 sero
767 2689 779 2711 ‚
805 2649 973 2714 inquit,
1001 2648 1103 2713 quia
1131 2646 1409 2710 blasphemat
1435 2644 1687 2696 Ecclesiam.
1720 2645 1817 2695 Hoc
