1942 3272
487 286 581 340 214
910 304 944 334 s.
987 301 1230 334 Aususnm
1265 301 1467 333 EPISCOPI

484 385 505 406 »
523 364 736 424 J'ustitiam
759 379 945 413 vestram
975 384 1122 413 eoram
1147 366 1403 412 hominibus
1422 405 1433 423 ‚
1463 378 1511 413 ut
1543 367 1775 415 videamini
1805 370 1861 415 ab

483 456 505 477 2>
529 435 613 492 eis,
642 435 835 501 alioquin
872 438 1114 485 mercedem
1153 454 1240 482 non
1274 437 1496 483 habebitis
1532 439 1652 501 apud
1689 440 1863 485 Patrem

483 526 505 548 ))
528 517 735 564 vestrum5
756 509 889 572 quiin
904 509 1026 555 coelis
1044 507 1136 554 est1
1158 525 1168 552 ε
1185 530 1205 550 »
1225 507 1356 553 debet
1370 509 1554 571 quiestio
1571 509 1649 555 ista
1667 510 1859 567 dissolvi,

481 588 531 623 ut
569 579 813 625 noverimus
857 579 1227 644 quemadmodum
1268 579 1458 625 Domino
1488 579 1861 644 obtemperemus,

481 665 562 694 nee
583 649 883 713 obtemperare
904 650 967 696 illi
994 668 1082 696 non
1120 651 1352 713 possimu8‚
1381 667 1481 695 cum
1503 667 1601 696 eum
1626 662 1776 697 contra
1797 656 1868 712 Ju-

479 720 583 765 bere
601 719 816 769 audimus.
849 723 944 768 Hae
969 722 1078 767 dicit
1104 739 1115 766 ι
1137 742 1158 762 α
1179 722 1375 766 Luceant
1402 737 1535 785 opera
1562 733 1700 768 vestra
1718 739 1865 769 coram

483 811 504 833 >›
528 790 802 848 hominibus,
827 804 876 838 ut
892 793 1069 839 videant
1082 793 1198 837 bona
1220 792 1332 837 sacta
1346 803 1485 838 vestra
1512 793 1545 839 2.
1569 814 1589 834 »
1608 793 1702 839 Hac
1725 793 1862 840 dicit:

481 882 504 904 «
528 860 688 908 Cavete
718 862 857 909 facere
878 864 1094 924 justitiam
1119 872 1305 909 vestram
1345 880 1492 908 eoram
1518 863 1793 921 hominibus,
1819 875 1868 909 ut

483 952 505 974 »
531 931 769 978 videamini
793 934 848 979 ab
882 934 955 981 eis.
984 955 1003 975 ³>
1028 933 1169 979 Vultis
1196 950 1318 978 nosse
1346 949 1477 995 quam
1501 934 1649 979 sitista
1685 935 1866 997 quaestio

484 1000 774 1059 dissolvenda,
801 1004 938 1049 etnisi
958 1003 1234 1059 dissolvatur,
1262 1002 1437 1049 moleste
1457 1003 1555 1060 erit,
1585 1004 1620 1049 si
1642 1016 1865 1050 remaneat

483 1073 701 1120 insoluta?
731 1075 923 1131 Quidam
956 1075 1154 1121 homines
1180 1074 1353 1120 faciunt
1379 1074 1489 1120 bene
1506 1113 1516 1132 ,
1543 1086 1585 1121 et
1621 1076 1774 1121 timent
1794 1076 1866 1122 vi-

485 1144 603 1199 deri3
627 1155 669 1190 et
685 1146 803 1191 omni
830 1146 991 1202 studio,
1017 1157 1229 1209 quantum
1255 1157 1455 1209 possunt,
1480 1147 1738 1210 cooperiunt
1751 1148 1868 1193 bona

484 1233 614 1279 opera
641 1233 731 1263 sua.
765 1216 959 1281 Captant
982 1217 1159 1281 quando
1185 1217 1402 1262 neminem
1427 1217 1604 1262 videant
1627 1235 1638 1262 ι
1663 1228 1769 1263 tunc
1794 1217 1869 1264 ali-

486 1286 594 1350 quid
614 1287 862 1349 porrigunt‚
883 1288 1079 1333 timentes
1093 1305 1145 1333 ne
1156 1287 1378 1333 offendant
1400 1288 1449 1333 in
1468 1287 1578 1333 illud
1596 1299 1869 1351 praeceptum

486 1356 565 1403 ubi
589 1356 756 1402 dictum
777 1368 839 1404 est
860 1375 870 1403 ε
895 1380 915 1400 «
939 1359 1099 1405 Cavete
1121 1358 1262 1404 facere
1279 1358 1495 1418 justitiam
1520 1369 1704 1404 vestram
1724 1375 1870 1404 coram

485 1450 507 1470 >›
531 1427 810 1483 hominibus,
839 1440 888 1475 ut
909 1428 1146 1476 videamini
1174 1428 1230 1474 al)
1262 1429 1334 1475 eis.
1362 1451 1381 1471 >2
1413 1429 1510 1474 Non
1540 1439 1683 1474 autem
1717 1429 1871 1474 Domi-

486 1516 570 1545 nus
595 1499 721 1559 jussit
746 1500 859 1546 bona
892 1518 1020 1564 opera
1061 1499 1298 1554 abscondi,
1329 1498 1402 1545 sed
1431 1499 1475 1544 in
1500 1499 1627 1545 bonis
1664 1497 1872 1562 operibus
1924 1537 1926 1544 ,

485 1569 660 1616 laudem
706 1569 948 1616 humanam
984 1588 1071 1615 non
1119 1570 1323 1629 cogitare.
1364 1569 1566 1632 Denique
1596 1586 1697 1614 cum
1723 1569 1867 1614 dixit:
1924 1619 1925 1624 Ἰ

487 1661 508 1682 «
534 1640 694 1685 Cavete
726 1640 864 1686 facere
899 1641 1114 1700 justitiam
1143 1650 1329 1686 vestram
1357 1656 1504 1686 eoram
1537 1639 1826 1685 hominibus:
1852 1661 1872 1681 »
1923 1631 1925 1657 l

488 1712 567 1758 ubi
590 1711 764 1758 sinivit?
790 1734 809 1754 «
836 1713 891 1757 Ut
908 1713 1145 1759 videamini
1173 1713 1229 1757 al)
1254 1711 1326 1757 eis.
1350 1732 1371 1752 ³>
1398 1712 1456 1756 Ut
1474 1711 1572 1757 ideo
1603 1711 1766 1757 faciant
1786 1749 1796 1768 ‚
1825 1722 1873 1757 ut

488 1782 718 1828 videantur
732 1783 788 1827 ab
806 1782 1089 1835 l1ominibus;
1110 1783 1231 1828 hunc
1250 1782 1444 1827 fructum
1464 1782 1570 1827 boni
1589 1781 1729 1845 operis
1747 1798 1872 1845 quae-
1922 1821 1925 1847 ἦ

487 1864 604 1909 rant,
625 1853 747 1898 hunc
767 1853 907 1898 ferant
933 1871 944 1897 ι
972 1853 1080 1898 nihil
1103 1852 1221 1897 aliud
1242 1862 1483 1915 expectent„
1506 1851 1619 1897 nihil
1640 1852 1873 1914 superioris
1923 1849 1925 1865 ³

489 1935 532 1969 et
570 1923 756 1969 coelestis
785 1923 1004 1968 commodi
1045 1923 1377 1986 concupiscant.
1425 1922 1509 1967 Sed
1543 1922 1576 1967 si
1609 1921 1706 1967 ideo
1733 1921 1872 1967 solum

489 1994 621 2039 faciat
639 2031 649 2049 ,
679 2003 728 2038 ut
758 1993 960 2039 laudetur
987 2011 998 2038 ι
1027 1993 1113 2038 hoc
1145 1992 1378 2056 prohibuit
1407 1992 1633 2038 Dominus.
1667 2013 1687 2033 «
1715 1993 1873 2038 Cavete
1922 1983 1925 1998 ’

492 2086 513 2106 »
536 2065 690 2111 facere.
717 2086 737 2106 »
767 2063 1028 2120 Quomodo?
1064 2085 1084 2104 «
1109 2063 1168 2108 Ut
1198 2062 1435 2109 videamini
1467 2063 1523 2107 al)
1556 2063 1629 2108 eis.
1657 2083 1677 2104 »
1712 2064 1872 2109 Cavete
1922 2064 1925 2107 ὲ

489 2135 611 2181 hune
632 2135 796 2181 habere
812 2134 1024 2191 fructum,
1048 2134 1257 2181 visionem
1282 2133 1527 2180 hominum.

556 2207 632 2254 IV.
656 2207 679 2251 J
687 2206 790 2252 ubet
809 2216 953 2251 autem
971 2205 1108 2251 videri
1128 2222 1258 2268 opera
1284 2214 1446 2260 nostra,
1470 2214 1513 2249 et
1531 2203 1638 2249 dicit
1662 2221 1672 2248 :
1703 2204 1873 2250 «Nemo
1915 2221 1925 2273 {²

493 2299 514 2318 »
538 2277 735 2323 accendit
763 2277 1003 2333 lucernam,
1024 2287 1066 2321 et
1092 2275 1219 2339 ponit
1239 2292 1333 2320 eam
1360 2274 1441 2319 sub
1465 2273 1630 2331 modio,
1651 2274 1723 2320 sed
1744 2291 1874 2338 super

494 2370 515 2389 »
542 2347 854 2393 candelabrum
876 2385 886 2404 ‚
908 2358 956 2393 ut
986 2346 1127 2393 luceat
1151 2345 1354 2391 omnibus
1377 2344 1451 2407 qui
1486 2344 1532 2389 in
1558 2343 1688 2390 domo
1713 2354 1825 2391 sunt.
1851 2365 1872 2386 ›‚

494 2420 550 2463 Et
565 2455 576 2473 ‚
604 2440 623 2459 «
646 2419 718 2463 Sic
748 2418 922 2463 luceant
946 2435 1077 2481 opera
1103 2427 1242 2463 vestra
1262 2432 1408 2461 coram
1441 2414 1695 2461 hominibus
1712 2453 1722 2472 ‚
1745 2425 1793 2461 ut
1810 2416 1872 2461 vi-
1913 2412 1916 2458 1ss

495 2511 515 2530 ›>
540 2489 686 2545 deant‚
708 2489 868 2552 inquit,
889 2489 1004 2534 bona
1023 2488 1137 2534 faeta
1158 2497 1312 2533 vestra.
1338 2506 1358 2528 »
1381 2486 1436 2530 Et
1455 2501 1543 2531 non
1559 2485 1621 2530 ibi
1635 2486 1839 2531 remansit
1857 2503 1868 2529 :
1912 2485 1916 2525 ἶ

492 2559 563 2605 sed
585 2596 597 2616 ,
625 2580 644 2600 <‹
671 2559 952 2614 moritu-ent,
988 2559 1233 2619 subjtmxit,
1272 2557 1445 2602 Patrem
1465 2566 1678 2613 vestrum,
1719 2556 1793 2620 qui
1828 2556 1871 2602 in
1918 2554 1919 2600 l

541 2649 551 2671 ¹
573 2648 691 2680 Maah.
710 2660 755 2687 vt,
781 2661 806 2679 1.
826 2666 870 2672 —-
888 2647 902 2668 2
918 2647 965 2681 ld.
987 2659 1019 2692 v,
1041 2649 1089 2679 ¹6.
