1894 3236
269 317 412 350 SERMO
448 322 600 367 CCCIX,
638 327 686 357 IN
721 330 882 366 NATALI
917 337 1130 374 CYPRIAM
1164 348 1357 387 MARTYR.
1431 361 1493 407 99

127 375 356 428 tenebatur
378 402 390 430 ε
413 403 494 433 nec
521 391 764 441 excutiebat
791 399 848 445 ab
875 402 1019 449 animo
1042 405 1309 469 diligentiam
1334 420 1493 470 fidelis-

125 446 222 493 simi
244 449 549 516 dispensatoris
565 497 577 516 ,
611 479 764 511 manus
783 471 875 526 jam
900 475 1095 535 proxima
1124 487 1293 531 cruenti
1319 495 1491 540 carnifi-

123 515 199 564 cis.
228 519 249 563 I
254 529 295 565 ta
314 539 356 568 se
371 538 606 591 martyrem
623 535 843 594 cogitabat
860 540 1075 604 futurum,
1097 560 1145 595 ut
1161 569 1248 600 esse
1270 574 1355 604 non
1371 562 1488 609 obli-

122 586 355 639 visceretur
388 597 643 664 episcopum
681 622 692 649 :
730 610 866 668 magis
902 630 1058 662 curans
1102 636 1233 683 quam
1278 630 1488 680 rationem

119 669 343 720 pastorum
379 668 573 734 principi
604 673 657 720 de
693 682 927 729 commissis
954 686 1036 732 sibi
1067 691 1222 739 ovibus
1258 698 1483 762 redderet,

118 743 250 790 quam
268 734 375 796 quid
397 737 564 788 infideli
585 750 836 806 proconsuli
865 752 919 799 de
941 755 1026 802 fide
1049 764 1228 825 propria
1246 774 1486 832 responde-

115 809 193 845 ret.
217 803 407 853 Amabat
426 812 591 876 quippe
607 832 723 874 eum,
751 823 827 884 qui
846 823 976 872 Petro
992 827 1176 878 dixerat:
1199 855 1219 876 α
1239 839 1369 886 Amas
1385 848 1483 891 me?

116 889 138 910 ›>
160 870 293 919 Pasce
312 892 410 923 oves
432 882 586 932 meas'l.
614 907 634 927 »
660 888 713 933 Et
733 893 942 952 pascebat
969 914 1068 945 oves
1083 905 1191 961 ejus,
1215 922 1297 969 pro
1324 912 1484 973 quibus

113 943 361 1000 sanguinem
392 947 574 999 fundere
598 955 721 1004 illum
746 959 919 1010 imitans
941 974 1235 1032 praeparabat.
1264 977 1484 1030 Custodiri

109 1166 254 1198 versus
270 1153 436 1204 leonem
451 1175 598 1225 aperte
620 1166 872 1219 frementem
891 1175 936 1222 in
957 1179 1221 1231 confessione
1237 1188 1357 1236 virile
1370 1211 1480 1256 pec-

108 1230 177 1266 tus
203 1225 418 1286 armabat,
457 1231 660 1283 adversus
690 1239 848 1305 lupum
875 1246 1155 1299 insidiantem
1188 1260 1304 1319 gregi
1335 1279 1479 1310 sexum

105 1289 359 1342 foemineum
377 1303 616 1353 muniebat.

170 1363 220 1411 V.
263 1366 329 1412 lta
348 1385 444 1416 vere
464 1373 549 1420 sibi
573 1379 785 1438 consulit,
813 1386 889 1447 qui
908 1386 1048 1436 Deum
1071 1394 1265 1452 J'udicem
1296 1403 1474 1462 cogitat,

104 1434 223 1497 apud
246 1454 375 1501 quem
402 1459 574 1492 causam
601 1461 729 1508 gestae
764 1453 897 1515 hujus
923 1460 1024 1507 vitae
1051 1475 1180 1528 atque
1209 1469 1266 1515 ab
1293 1472 1369 1519 illo
1395 1476 1477 1522 sibi

101 1507 291 1554 muneris
306 1509 494 1571 injuncti
519 1518 700 1582 quisque
724 1523 919 1574 dicturus
935 1532 1025 1576 est2
1048 1551 1059 1579 z
1090 1536 1166 1583 ubi
1183 1542 1321 1589 omnis
1343 1543 1475 1592 homo

101 1574 255 1640 recipit
276 1615 288 1634 ,
330 1581 441 1627 sicut
480 1595 659 1635 testatur
689 1593 945 1656 Apostolus,
989 1623 1008 1643 «
1026 1603 1138 1660 Quae
1181 1626 1259 1671 per
1312 1629 1472 1678 corpus

100 1664 120 1686 »
138 1647 288 1705 gessit,
314 1650 401 1697 sive
429 1653 596 1703 bonum
614 1696 624 1715 ‚
660 1660 746 1708 sive
770 1665 931 1713 malum
945 1669 978 1718 ³.
1008 1693 1027 1713 »
1056 1674 1122 1720 Ita
1147 1677 1231 1724 sibi
1257 1684 1466 1743 consulit,

97 1715 174 1778 qui
199 1733 246 1763 ex
265 1719 350 1766 fide
370 1722 539 1784 vivens,
563 1739 604 1774 et
627 1743 845 1793 satagens,
873 1756 924 1784 ne
949 1741 1005 1787 ab
1028 1755 1214 1795 extremo
1235 1767 1470 1814 praeoccu-

95 1797 224 1849 petur
246 1789 333 1848 die,
360 1805 595 1845 extremum
619 1818 846 1868 computat
870 1827 1042 1859 omnem
1074 1816 1207 1875 diem,
1233 1824 1356 1870 etsie
1378 1826 1470 1873 Deo

93 1855 276 1919 placitos
295 1879 431 1911 mores
449 1869 652 1930 perducit
668 1891 803 1939 usque
822 1880 876 1925 ad
894 1893 1128 1933 extremum
1141 1888 1270 1939 diem.
1296 1894 1314 1938 I
1323 1905 1362 1941 ta
1385 1897 1470 1944 sibi

92 1925 246 1975 beatus
266 1933 515 1996 Cyprianus
531 1951 573 1984 et
588 1943 818 2009 episcopus
840 1951 1279 2018 misericordissimus,
1294 1975 1336 2009 et
1356 1966 1468 2012 Mar-

94 2006 164 2060 tyr
191 1999 465 2052 fidelissimus
481 2045 491 2063 ‚
516 2013 793 2069 consulebat,
824 2036 910 2065 non
933 2024 1164 2074 sicuteum
1182 2028 1331 2090 lingua
1353 2036 1463 2081 sub-

91 2067 189 2115 dola
223 2070 388 2120 diaboli
416 2095 495 2140 per
527 2098 572 2126 os
604 2087 780 2146 possessi
815 2107 838 2135 a
878 2108 920 2136 se
953 2092 1075 2157 impii
1098 2098 1262 2156 judicis
1291 2120 1463 2153 monere

87 2139 321 2189 videbatur
338 2145 514 2195 dicens:
542 2173 560 2192 «
582 2156 768 2203 Consule
792 2160 924 2207 tibi.»
940 2169 1050 2211 (jum
1072 2169 1184 2215 enim
1199 2174 1462 2230 ejusimmo-

85 2208 220 2258 bilem
250 2226 436 2263 mentem
464 2220 650 2280 videret,-
681 2230 857 2289 quando
888 2232 926 2277 ei
958 2234 1063 2281 dim
1089 2255 1099 2282 ι
1129 2260 1148 2279 «
1168 2240 1392 2291 Jusserunt
1422 2259 1461 2295 te

87 2300 108 2321 >›
127 2281 347 2348 principes
368 2294 691 2349 caeremoniari3
719 2320 738 2338 »
764 2303 1073 2368 responditque
1100 2308 1171 2354 ille
1194 2328 1205 2355 τ
1229 2333 1250 2354 «
1270 2315 1367 2360 λου
1391 2319 1458 2363 l'a-

86 2371 107 2392 »
131 2352 198 2397 cio
228 2371 239 2398 ε
264 2376 285 2395 >1
308 2356 467 2417 adjecit
487 2373 527 2406 et
551 2365 611 2410 ait
635 2383 645 2410 ε
674 2389 693 2407 «
720 2371 906 2417 (Ionsule
933 2375 1027 2422 tibi.
1055 2399 1074 2418 »
1103 2379 1203 2442 Ipsa
1228 2393 1289 2429 est
1309 2385 1453 2447 lingua

83 2420 266 2470 subdola
299 2426 463 2476 diaboli
487 2450 498 2477 :
525 2435 601 2480 etsi
630 2454 716 2483 non
745 2440 878 2500 huJus
901 2446 974 2508 qui
1010 2449 1225 2496 nesciebat
1255 2457 1360 2517 quid
1387 2458 1455 2504 lo-

83 2504 301 2556 queretur,
334 2498 449 2546 illius
477 2513 617 2552 tamen
645 2510 720 2571 qui
751 2529 826 2574 pei·
851 2532 949 2561 eum
972 2516 1246 2580 loquebatur.
1279 2526 1454 2590 Loque—

81 2561 212 2609 batur
246 2567 359 2612 enim
398 2577 628 2633 proconsul
653 2616 662 2627 .
707 2598 790 2626 non
833 2595 916 2630 tam
956 2589 1194 2651 secundum
1229 2595 1449 2661 principes

128 2654 138 2674 ¹
160 2656 255 2690 Jonn.
276 2668 341 2693 xxi.
364 2671 413 2699 17.
431 2663 504 2686 -2
523 2666 633 2697 Florus
651 2669 688 2699 nd
711 2670 822 2712 Epium.
845 2685 883 2704 11.
897 2674 968 2699 —3
987 2688 1003 2706 ‘1
1020 2681 1095 2710 Cor.
1115 2691 1142 2715 v.
1164 2693 1210 2713 ιο.

1274 2752 1315 2799 J.
