1899 3241
329 325 469 354 SERMO
507 322 722 364 ccxcvui,
763 324 809 354 ΙΝ
846 322 1007 354 NATAm
1044 324 1196 356 Aposr.
1403 323 1459 375 27

78 399 109 431 ’5)
137 388 246 437 tiae1.
269 411 290 432 >³
318 390 476 436 Merito
496 389 687 445 festinas,
715 389 868 434 merito
886 400 927 434 te
944 388 1261 436 immolandum
1281 397 1368 437 esse
1385 392 1466 439 lae—

86 461 189 506 taris
215 479 226 506 ι
250 470 443 525 superest
466 460 580 506 enim
611 459 691 505 tibi
715 477 872 505 corona
891 459 1087 520 justitiae.
1122 461 1283 507 Adhuc
1313 464 1463 509 immi—

86 542 158 576 net
171 531 414 577 amaritudo
427 530 653 608 passionis,
671 529 742 575 scd
766 531 919 575 transit
940 547 1033 575 eam
1052 532 1220 594 passuri
1239 532 1459 592 cogitatio,

86 600 253 663 etquid
281 600 392 647 ultra
417 601 471 646 sit
499 600 677 659 cogitat,
705 617 793 645 non
820 616 906 663 qua
927 600 1042 657 itur,
1066 600 1140 646 sed
1166 618 1254 664 quo
1278 602 1380 649 itur
1406 604 1462 647 Et

85 671 188 734 quia
210 687 311 717 curn
336 686 493 730 magno
515 687 658 716 amore
682 670 898 730 cogitatur
921 686 1009 735 quo
1032 669 1144 728 itur,
1177 688 1280 718 cum
1307 690 1463 734 magna

83 740 338 788 fortitudine
354 741 549 787 calcatur
571 758 656 804 qua
676 741 777 788 itur.

151 812 224 858 lV.
268 813 381 857 Cum
402 822 545 857 autem
562 811 734 856 dixisset
758 829 768 856 ε
797 811 1037 876 «Superest
1058 813 1168 858 mihi
1197 819 1464 875 coronajus-

85 901 105 923 >³
129 883 237 928 titiae
259 899 269 927 :
298 904 318 923 υ
340 881 489 927 intulit
510 899 520 926 :
553 903 571 921 α
599 882 743 937 Quam
767 881 918 927 reddet
940 881 1051 927 mihi
1078 883 1292 928 Dominus
1322 885 1367 929 in
1389 884 1464 931 illa

84 972 105 993 »
131 951 199 998 die
224 956 367 1013 justus
401 951 554 998 Judex.
580 973 600 992 2>
626 951 796 997 Reddet
816 955 983 1012 justus,
1005 963 1103 998 ante
1132 971 1220 999 non
1248 954 1455 1002 reddidit.

85 1023 197 1068 Nam
211 1024 262 1080 si,
275 1041 300 1069 o
312 1023 463 1079 Paule,
481 1023 623 1086 primo
640 1022 785 1079 Saule,
809 1022 985 1086 quando
1001 1025 1329 1088 persequebaris
1341 1043 1461 1072 sanc-

83 1102 149 1138 tos
169 1093 357 1149 Christi,
371 1092 547 1156 qnando
565 1092 765 1137 servabas
784 1093 1037 1138 vestimenta
1055 1094 1349 1158 lapidatorum
1366 1096 1462 1141 Ste-

83 1163 222 1227 phani
239 1201 249 1220 ‚
278 1173 488 1209 exerceret
507 1163 622 1208 circa
640 1173 681 1207 te
699 1163 909 1208 Dominus
927 1166 1095 1222 justum
1108 1164 1327 1224 judicium
1345 1204 1355 1222 ,
1382 1166 1461 1212 ubi

83 1237 222 1280 esses?
237 1235 377 1279 Tanto
406 1233 555 1278 sceleri
581 1243 655 1277 tuo
676 1231 907 1295 quislocus
920 1233 965 1278 in
975 1233 1112 1279 fundo
1127 1235 1468 1300 gehennaerepe-

90 1303 271 1350 rireturP
289 1303 373 1350 Sed
387 1314 493 1348 tunc
506 1302 588 1348 tibi
602 1319 690 1348 non
702 1302 909 1359 reddidit,
926 1313 974 1348 ut
988 1303 1117 1349 modo
1132 1304 1299 1353 reddat.
1322 1307 1463 1352 Verba

83 1375 197 1420 enim
225 1385 300 1420 tua
320 1374 372 1420 de
395 1373 618 1438 prioribus
641 1372 764 1418 factis
784 1373 865 1417 tuis
884 1373 1064 1433 legimus
1083 1375 1127 1420 in
1151 1375 1344 1438 Epistola
1369 1387 1459 1432 tua,

84 1456 125 1491 et
147 1458 283 1510 perte
310 1445 523 1492 novimus.
559 1445 628 1489 Tu
657 1443 797 1489 dixisti
820 1461 830 1488 :
862 1465 882 1484 c<
910 1445 1000 1505 Ego
1027 1446 1141 1491 enim
1167 1463 1261 1491 sum
1281 1448 1460 1493 novissi-

86 1537 105 1558 »
130 1533 225 1563 mus
243 1515 566 1580 Apostolorum,
595 1515 670 1578 qui
694 1531 783 1560 non
805 1532 899 1560 sum
921 1515 1076 1576 dignus
1099 1517 1245 1562 vocari
1271 1519 1463 1581 Aposto-

83 1608 104 1629 »
128 1586 239 1634 lus2.
264 1609 283 1628 »
305 1587 478 1643 Ql'mre?
497 1607 516 1627 α
533 1586 649 1641 Quia
664 1595 913 1648 persecutus
934 1603 1026 1631 sum
1045 1587 1279 1633 Ecclesiam
1297 1588 1415 1634 Dei³.
1440 1611 1460 1631 ›>
1498 1597 1501 1600 “

84 1657 127 1703 Si
153 1668 401 1722 persecutus
431 1674 473 1702 es
502 1656 741 1702 Ecclesiam
778 1657 885 1713 Dei,
922 1657 1036 1703 unde
1061 1675 1160 1718 ergo
1196 1659 1456 1722 Apostolus?

83 1749 101 1769 «
126 1728 210 1774 Sed
235 1728 369 1789 gratia
389 1727 467 1772 Dei
497 1744 589 1772 sum
610 1726 727 1790 quod
748 1743 858 1773 sum.
889 1749 907 1768 »
937 1730 1046 1773 Ante
1064 1729 1216 1787 gratia,
1240 1729 1369 1777 modo
1390 1730 1460 1775 de-

80 1798 238 1846 bitum.
268 1802 376 1845 Ante
403 1798 540 1858 gratia
559 1797 826 1853 donabatur,
855 1798 985 1843 modo
1016 1798 1215 1844 debitum
1239 1800 1449 1847 redditur.

79 1870 268 1916 «Gratia
293 1869 373 1915 Dei
401 1886 496 1914 sum
514 1906 524 1925 ,
548 1868 716 1932 inquit,
747 1869 865 1932 quod
904 1886 1013 1915 sum.
1040 1891 1060 1910 »
1088 1871 1176 1929 ligo
1203 1870 1311 1916 nihil
1340 1887 1448 1918 snm.

81 1939 308 2003 Quidquid
326 1957 439 1995 sum,
460 1939 595 1999 gratia
618 1939 695 1983 Dei
715 1955 822 1984 sum.
851 1939 1079 2002 Quidquid
1091 1957 1214 1992 =sunu
1235 1940 1306 1985 sed
1329 1940 1458 1985 modo

80 2010 338 2075 Apostolus3
358 2028 458 2055 nam
483 2009 601 2073 quod
622 2025 757 2063 eram,
781 2026 858 2068 ego
877 2027 992 2054 eram
1017 2027 1026 2054 :
1055 2031 1075 2049 «
1095 2011 1242 2054 (li-:itia
1268 2011 1341 2055 livi
1363 2028 1454 2056 sum

81 2104 99 2123 »
123 2082 239 2146 qnod
267 2098 359 2126 sum
386 2099 396 2125 ι
419 2092 461 2125 et
496 2081 631 2139 gratia
662 2084 752 2139 ejus
788 2080 829 2124 in
863 2097 930 2124 me
959 2098 1095 2126 vacua
1121 2098 1206 2125 non
1238 2080 1346 2132 suin
1384 2083 1453 2127 sed

80 2176 98 2192 »ι
120 2152 216 2216 plus
229 2151 432 2197 omnibus
448 2151 530 2196 illis
554 2150 763 2196 laboravi.
792 2173 811 2190 »
834 2150 954 2205 Quid
972 2162 1051 2203 est,
1073 2151 1264 2213 apostole
1294 2152 1455 2199 Paulo?

78 2222 211 2279 Quasi
238 2221 423 2266 extulisti
444 2231 482 2265 te
503 2259 513 2275 ,
541 2220 662 2283 quasi
688 2220 740 2264 dc
766 2219 909 2282 aliqua
929 2221 1145 2265 cervicula
1171 2220 1456 2268 videturdic—

80 2304 171 2338 tum
203 2311 213 2336 ε
242 2314 261 2332 «
286 2291 389 2337 Plus
433 2291 636 2336 omnibus
675 2290 757 2335 illis
796 2290 1005 2336 laboravi.
1042 2313 1060 2331 »
1100 2292 1295 2349 Agnosce
1335 2311 1447 2352 ergo.

78 2365 275 2424 Agnosco
294 2400 304 2419 ,
328 2363 471 2425 inquit
500 2380 510 2406 ε
538 2385 557 2403 ι(
588 2363 683 2406 Non
712 2379 790 2420 ego
818 2372 961 2406 autem
982 2400 992 2411 ,
1020 2362 1090 2407 sed
1110 2363 1243 2420 gratia
1263 2363 1337 2407 livi
1365 2381 1455 2408 me-

124 2486 133 2505 ¹
160 2496 176 2515 2
196 2483 278 2514 Tim.
299 2494 346 2524 ιν,
363 2484 437 2512 6⁷8.
454 2501 493 2505 —
522 2482 622 2514 ²Cor.
642 2494 694 2518 xv,
715 2496 748 2523 9.
770 2500 812 2505 --
833 2480 846 2503 ³
866 2483 943 2513 cod.
966 2486 1047 2514 (lass.
1071 2495 1134 2524 cix,
1159 2484 1211 2515 sul.
1243 2490 1297 2520 (04.
1336 2487 1407 2516 Non
1425 2497 1458 2516 es

75 2537 199 2577 dignus,
219 2542 250 2568 et
269 2537 353 2568 feeit.
376 2538 446 2567 Non
464 2546 539 2576 ergo
565 2536 649 2577 quod
671 2536 726 2567 nbi
743 2535 920 2567 dein-hann-
945 2537 1094 2570 reddidit.
1122 2537 1176 2579 qui
1195 2536 1323 2577 dignum
1340 2538 1460 2569 honore

76 2590 232 2633 praestitit,
247 2589 298 2621 cui
315 2588 505 2632 supplicium
525 2588 717 2622 delabatur.
740 2605 753 2614 u
776 2592 849 2620 Non
880 2600 947 2622 suu·
980 2590 1090 2632 dignus
1121 2591 1224 2622 vocari
1256 2591 1428 2632 apostolus.
1448 2608 1461 2617 -·

73 2647 179 2685 Quare
193 2646 206 2675 Ρ
