1942 3272
416 313 511 376 490
847 326 883 358 s.
925 323 1171 356 mensum
1205 323 1411 356 muscum

416 394 576 449 habes,
602 403 651 440 ut
670 390 815 456 capias
832 390 950 456 qnod
973 407 1057 435 non
1075 389 1227 437 habes.
1255 390 1357 437 Ideo
1374 390 1518 455 prima
1538 390 1807 441 renuntiatio

418 475 480 511 est
503 464 610 510 huie
632 464 793 511 saeculo
812 501 822 521 ‚
852 475 892 508 et
917 462 1074 507 deinde
1104 461 1327 508 conversio
1351 463 1408 508 ad
1445 465 1599 511 Deum.
1626 464 1715 521 Qui
1737 481 1811 511 re-

420 536 612 592 nuntiat,
645 535 823 589 fundit3
859 533 934 597 qui
968 532 1255 589 convertitur,
1286 533 1497 597 impletur
1523 551 1535 580 ε
1567 533 1640 580 sed
1663 534 1812 582 sinon

419 608 497 654 fiat
519 623 701 671 corpore
722 606 828 662 solo,
852 604 924 651 sed
943 615 985 649 ct
1004 603 1148 651 corde,

486 678 561 725 IV.
605 677 830 734 Quaeritur
865 686 1010 722 autem
1027 713 1038 732 ‚
1072 674 1226 721 fratres
1246 712 1258 731 ,
1293 674 1516 738 quomodo
1541 684 1707 722 crescat
1730 674 1810 721 iste

424 766 558 796 amor.
589 749 737 794 Habet
760 748 874 794 enim
901 747 1023 792 initia
1058 763 1151 801 sua,
1178 745 1315 792 habet
1338 756 1569 807 augmenta
1591 759 1697 804 sua,
1725 744 1813 792 ha-

422 819 500 865 bet
526 818 838 883 perfectionem
858 835 994 864 suam.
1027 818 1082 862 Et
1109 816 1318 862 debemus
1343 834 1466 863 nosse
1486 816 1584 882 quis
1608 816 1811 881 coeperit,

425 900 475 936 ut
498 907 598 936 eum
631 889 686 935 ad
716 900 944 949 augmenta
971 888 1253 933 cohortemur
1278 905 1288 932 :
1319 887 1416 951 quis
1435 904 1515 933 nec
1535 887 1740 951 coeperit,
1766 897 1816 933 ut

428 977 528 1007 eum
555 960 853 1024 quoincipiat
870 975 1123 1004 moneamus
1147 976 1157 1003 ε
1188 959 1287 1022 quis
1313 968 1357 1003 et
1383 958 1569 1022 coeperit
1595 967 1637 1004 et
1662 973 1816 1004 creve-

426 1031 500 1083 rit,
531 1042 581 1076 ut
615 1047 714 1076 eum
754 1030 807 1076 ad
837 1029 1146 1094 perlectionem
1180 1028 1423 1076 incitemus.
1447 1028 1597 1074 Primo
1618 1027 1729 1074 illud
1746 1037 1817 1074 at-

428 1100 580 1146 tendat
619 1101 821 1146 Charitas
852 1100 1001 1145 Vestra
1037 1117 1048 1144 :
1092 1116 1257 1145 amores
1297 1116 1446 1145 omnes
1483 1109 1526 1144 et
1559 1098 1811 1144 dilectiones

429 1172 552 1236 prius
576 1182 675 1217 sunt
698 1171 744 1216 in
762 1171 1018 1216 hominibus
1041 1170 1095 1216 de
1114 1187 1174 1226 se,
1199 1180 1242 1216 et
1264 1169 1326 1215 sic
1342 1169 1395 1215 de
1415 1167 1497 1215 alia
1520 1186 1565 1215 re
1585 1185 1718 1232 quam
1740 1168 1817 1214 di«

428 1242 583 1302 ligunt.
622 1242 667 1287 Si
704 1241 847 1301 diligis
884 1258 1056 1298 aurum,
1079 1240 1200 1305 prius
1224 1251 1265 1286 te
1295 1239 1459 1300 diligis,
1487 1250 1529 1284 et
1551 1239 1613 1284 sic
1632 1254 1816 1285 aurum:

431 1313 534 1377 quia
553 1314 585 1359 si
615 1324 662 1359 tu
690 1325 884 1359 mortuus
913 1313 1059 1369 furris,
1098 1331 1185 1358 non
1208 1312 1289 1358 erit
1307 1311 1383 1375 qui
1409 1327 1562 1357 aurum
1581 1309 1813 1374 possideat.

435 1385 549 1443 Ergo
569 1384 745 1429 dilectio
771 1384 1004 1444 unicuique
1025 1401 1045 1427 a
1071 1400 1113 1427 se
1137 1382 1295 1445 incipit
1316 1401 1327 1434 3
1352 1392 1394 1425 et
1412 1396 1499 1426 non
1523 1389 1666 1445 potest
1694 1379 1777 1427 nisi
1796 1397 1823 1426 a

439 1470 481 1498 se
522 1452 727 1515 incipere.
772 1453 825 1496 Et
861 1469 987 1496 nemo
1022 1462 1224 1496 monetur
1258 1461 1307 1496 ut
1332 1467 1373 1495 se
1393 1450 1560 1510 diligat.
1589 1450 1687 1496 Hoc
1705 1449 1821 1497 enim

433 1541 521 1570 non
558 1523 698 1568 solum
724 1523 834 1568 inest
874 1522 1154 1576 hominibus,
1195 1521 1269 1567 sed
1304 1531 1347 1567 et
1377 1521 1625 1585 pecoribus.
1656 1519 1824 1567 Videtis

435 1594 567 1649 enim,
594 1593 763 1646 fratres,
792 1592 1163 1657 quemadmodum
1193 1609 1281 1638 non
1311 1602 1482 1638 tantum
1506 1591 1700 1653 ingentes
1719 1591 1823 1638 bes-

436 1665 510 1710 tiae
541 1675 583 1709 et
611 1682 766 1724 magna
806 1663 1037 1717 animalia,
1078 1674 1127 1708 ut
1167 1674 1268 1709 sunt
1311 1663 1444 1708 boves
1477 1673 1553 1708 aut
1579 1661 1733 1708 cameli
1755 1661 1825 1708 vel

437 1735 683 1798 elephanti,
715 1734 786 1779 sed
813 1745 854 1780 et
886 1750 1071 1784 muscae„
1098 1733 1170 1778 sed
1195 1744 1237 1779 et
1260 1731 1486 1779 vermiculi
1513 1732 1683 1778 minimi
1710 1747 1825 1796 quo-

437 1806 571 1852 modo
592 1806 746 1852 nolunt
772 1806 879 1851 mori
898 1843 909 1861 ‚
935 1816 977 1851 et
1003 1805 1188 1865 diligant
1211 1822 1267 1852 se.
1295 1805 1456 1851 Omnia
1480 1802 1682 1850 animalia
1704 1820 1827 1850 mor-

438 1887 523 1922 tem
552 1876 739 1936 sugiunt.
780 1878 893 1936 Ergo
924 1876 1113 1936 diligunt
1144 1893 1185 1921 se
1204 1913 1214 1931 ‚
1242 1875 1459 1921 custodire
1485 1891 1526 1920 se
1551 1874 1723 1931 volunt,
1745 1873 1828 1920 alia

371 1993 380 2007 Ι
442 1946 690 2002 velocitate,
722 1946 802 1991 alia
829 1946 1023 1999 latebris,
1066 1946 1147 1990 alia
1170 1945 1408 1991 resistendo
1439 1955 1483 1990 et
1517 1944 1825 2008 repugnandm

445 2018 589 2063 omnia
627 2028 770 2063 tamen
812 2016 1013 2062 animalia
1055 2034 1136 2079 pro
1184 2016 1275 2062 vita
1318 2032 1394 2061 sua
1436 2025 1636 2078 pugnant
1659 2050 1670 2071 ,
1718 2014 1830 2060 mori

442 2089 622 2145 nolunt,
659 2088 875 2134 custodire
905 2105 946 2133 se
989 2088 1156 2134 volunt.
1206 2095 1366 2133 Amant
1391 2103 1491 2146 ergo
1525 2102 1581 2133 se.
1611 2086 1765 2150 Incipe
1786 2095 1830 2131 et

445 2160 566 2207 aliud
601 2177 755 2206 amare.
798 2158 879 2204 Sed
915 2158 1022 2221 qnid
1046 2168 1108 2203 est
1130 2158 1275 2221 ipsum
1306 2156 1452 2203 aliud?
1475 2155 1694 2219 quidquid
1715 2172 1831 2201 ama-

448 2231 559 2277 veris
579 2268 589 2286 ,
613 2241 687 2275 aut
705 2229 792 2275 hoe
817 2240 878 2274 est
898 2228 1017 2291 quod
1042 2239 1112 2284 tu,
1134 2238 1208 2273 aut
1226 2227 1405 2273 inferius
1427 2236 1468 2270 te
1486 2235 1574 2280 est,
1602 2235 1676 2270 aut
1696 2241 1830 2288 supe-

450 2301 541 2347 rius
556 2310 595 2345 te
615 2311 690 2346 est.
723 2300 769 2344 Si
792 2299 968 2344 inferius
988 2310 1029 2343 te
1048 2309 1108 2343 est
1130 2297 1249 2360 quod
1274 2314 1410 2352 amas,
1437 2295 1493 2342 ad
1516 2294 1830 2342 consolandum

448 2388 543 2418 ama
562 2408 573 2427 ‚
616 2369 671 2416 ad
703 2368 982 2415 tractandum
1021 2386 1142 2426 ama,
1179 2368 1233 2413 ad
1268 2366 1478 2413 utendum
1505 2383 1628 2423 ama,
1654 2382 1743 2412 non
1776 2365 1832 2411 ad

450 2440 721 2502 illigandum.
766 2440 898 2486 Verbi
941 2440 1103 2500 gratia,
1139 2455 1292 2485 aurum
1325 2455 1471 2494 amas,
1505 2435 1638 2483 nolite
1668 2436 1832 2497 illigare

456 2529 561 2559 auro
579 2550 590 2568 ,
618 2521 782 2575 quanto
808 2508 957 2556 melior
976 2528 1017 2556 es
1040 2527 1173 2574 quam
1198 2524 1366 2555 aurum.
1399 2509 1566 2554 Aurum
1585 2506 1700 2552 enim
1721 2516 1832 2552 terra

456 2595 519 2630 est
537 2583 703 2644 fulgens
717 2621 728 2639 ,
750 2592 798 2628 tu
817 2592 960 2628 autem
980 2593 1028 2628 ut
1044 2579 1347 2629 illuminareris
1364 2595 1388 2624 a
1411 2577 1600 2625 Domino
1614 2614 1626 2633 ‚
1647 2576 1703 2623 ad
1721 2576 1846 2623 ima-v

449 2655 593 2716 ginem
617 2653 697 2700 Dei
737 2653 877 2699 factus
900 2668 955 2700 eS.
998 2656 1111 2699 Cum
1135 2652 1189 2698 sit
1212 2665 1366 2698 aurum
1394 2658 1591 2696 creatura
1614 2646 1718 2703 Dei,
1745 2656 1832 2693 non
