1942 3272
381 357 389 362 -
440 299 528 344 250
859 313 895 344 s.
939 311 1182 342 ,incusum
1218 311 1423 342 EPISCOPI

381 410 403 450 ⁷»
434 396 539 424 num
564 389 643 436 est,
674 379 749 443 qui
774 394 863 424 non
885 377 993 423 filias
1019 393 1114 423 suas
1143 388 1279 423 castas
1297 394 1383 423 esse
1403 376 1533 424 velit?
1557 376 1653 440 quis
1673 377 1816 424 homi-

319 484 323 494 ,
436 466 542 494 num
566 460 629 494 est
646 487 657 505 ‚
677 449 753 513 qui
777 466 865 495 non
889 447 1077 493 filiarum
1100 463 1276 493 suarum
1302 447 1572 507 congaudeat
1592 447 1815 494 castitati?

440 519 668 583 Numquid
688 530 729 565 et
747 519 810 564 ibi
831 536 1005 564 carnem
1025 536 1141 564 amas
1155 557 1165 575 ,
1189 518 1405 581 numquid
1429 517 1702 581 concupiscis
1724 535 1818 563 cor·

437 606 522 653 pus
544 589 782 653 pulchrum
797 627 808 646 ‚
839 589 917 634 ubi
942 588 1202 633 exhorrescis
1225 588 1466 633 incestum?
1496 588 1608 633 Ecce
1631 586 1819 650 probavi

439 669 482 705 te
510 670 745 705 amatorem
772 676 857 704 0550
890 657 1112 705 castitatis,
1145 658 1191 703 Si
1214 675 1313 717 ergo
1346 668 1582 704 amatorem
1612 657 1819 703 eastitatis

441 729 609 775 ostendi
632 740 698 786 te,
723 729 831 793 quid
853 740 893 774 te
918 728 1133 774 offendisti
1152 766 1162 785 ‚
1191 739 1239 774 ut
1261 745 1349 774 non
1381 727 1500 773 illam
1533 744 1646 773 ames
1670 727 1717 773 in
1747 730 1817 774 te‘?

444 801 555 845 Ecce
567 799 704 845 habes
714 799 1042 863 compendium,
1059 816 1154 844 ama
1167 799 1213 844 in
1229 809 1283 855 te,
1299 797 1418 861 quod
1431 815 1546 844 amas
1559 797 1604 843 in
1619 797 1707 843 filia
1716 808 1791 844 tua
1805 815 1817 843 ε

441 888 537 917 ama
554 870 640 916 hoc
658 870 703 916 in
724 887 851 916 uxore
869 869 1032 924 aliena3
1060 869 1163 933 quia
1181 880 1222 914 et
1238 868 1325 915 filia
1348 879 1422 914 tua
1449 886 1553 914 uxor
1569 867 1814 916 eritaliena.

443 943 550 987 Ama
565 958 664 1000 ergo
673 941 771 986 etin
784 952 825 986 te
843 940 1099 987 castitatem.
1126 940 1171 985 Si
1190 956 1364 986 uxorem
1385 938 1571 985 alienam
1592 937 1818 994 amaveris,

441 1028 530 1057 non
555 1011 763 1056 continuo
780 1011 968 1057 habebis
983 1029 992 1056 :
1009 1011 1293 1057 sicastitatem
1315 1010 1540 1067 amaveris,
1562 1026 1659 1055 mox
1685 1008 1823 1058 habe-

441 1081 524 1128 bis.
547 1083 656 1127 Ama
678 1098 777 1142 ergo
801 1081 1060 1138 castitatem,
1076 1092 1125 1127 ut
1142 1081 1305 1127 habeas
1322 1091 1528 1127 eeternam
1549 1079 1817 1127 felicitatem.

506 1151 630 1197 Vllt.
673 1151 758 1198 Sed
788 1152 898 1197 forte
926 1151 1164 1198 tentaberis
1182 1190 1192 1209 ‚
1228 1151 1394 1197 amabit
1418 1161 1459 1197 te
1488 1149 1642 1196 mulier
1668 1149 1822 1212 impu-

445 1222 570 1275 dica;
590 1222 780 1269 inveniet
796 1232 837 1268 te
850 1222 895 1267 in
912 1222 1161 1279 solitudine,
1181 1222 1414 1268 conabitur
1429 1231 1679 1283 extorquere
1699 1236 1824 1265 com-

445 1292 643 1356 plexum3
671 1292 705 1337 si
734 1293 925 1338 renueris
942 1330 952 1349 ‚
984 1293 1226 1338 minabitur
1256 1290 1509 1337 infamando
1538 1289 1820 1354 supplicium.

447 1364 542 1409 Hoc
575 1363 756 1409 seniores
785 1362 881 1409 falsi
918 1363 1127 1409 Susanna}
1152 1364 1376 1419 fecerunt,
1410 1363 1498 1409 hoc
1530 1379 1637 1408 uxor
1663 1360 1828 1407 domini

448 1434 513 1480 sui
536 1434 639 1480 fecit
661 1444 808 1479 sancto
829 1434 1011 1497 <loseph
1040 1434 1126 1479 Sed
1146 1433 1353 1479 attendite
1370 1432 1513 1489 illum,
1534 1450 1663 1496 quem
1687 1441 1829 1478 atten-

451 1504 516 1549 dit
545 1515 586 1549 et
617 1504 813 1549 Susanna
848 1515 890 1549 et
920 1505 1100 1567 «loseph.
1144 1503 1258 1549 Num
1286 1504 1389 1566 quia
1418 1502 1563 1548 nullus
1594 1502 1711 1547 testis
1747 1513 1827 1560 est,

448 1574 563 1619 Deus
597 1574 660 1619 ibi
690 1591 777 1619 non
803 1576 894 1619 est?
931 1575 1035 1633 Ejus
1066 1573 1214 1619 oculos
1240 1573 1381 1619 noluit
1406 1572 1619 1619 offendere
1643 1572 1827 1636 Joseph,

450 1645 597 1691 oculos
632 1645 810 1690 Domini
840 1643 905 1690 sui
934 1645 1173 1708 praesentis.
1210 1644 1362 1691 Noluit
1389 1643 1629 1707 impudicae
1662 1643 1832 1690 mulieri

453 1715 508 1761 ad
523 1714 811 1761 concubitum
820 1714 1023 1760 illicitum
1043 1715 1296 1762 consentire.
1317 1713 1498 1778 Repulit
1513 1713 1831 1776 concupiscen-

450 1787 554 1831 tiam
573 1786 771 1842 alienam,
793 1785 1013 1849 amplexus
1031 1796 1093 1830 est
1112 1785 1369 1849 pudicitiam
1390 1802 1525 1830 suam.
1553 1784 1671 1829 Fecit
1691 1794 1832 1829 tamen

452 1856 543 1912 illa,
567 1855 686 1919 quod
707 1856 869 1901 minata
892 1866 955 1900 est
975 1873 986 1900 :
1008 1855 1189 1901 mentita
1211 1866 1273 1900 est
1294 1855 1387 1900 viro
1405 1875 1416 1908 ;
1443 1852 1605 1899 credita
1626 1863 1686 1899 est
1709 1871 1732 1899 a
1755 1870 1832 1898 suo

453 1926 623 1972 marito.
653 1925 813 1972 Adhuc
838 1925 1007 1988 patiens
1026 1925 1156 1971 Deus,
1189 1924 1400 1969 Traditur
1421 1922 1586 1987 Joseph
1610 1922 1655 1968 in
1681 1940 1832 1969 carce-

453 2014 573 2049 1·em;
608 1995 852 2041 custoditur
882 2006 1089 2058 tanquam
1124 2012 1238 2051 reus,
1269 2013 1291 2039 a
1318 2011 1404 2058 quo
1436 2011 1525 2039 non
1555 2004 1617 2038 est
1650 1994 1834 2039 offensus

453 2069 569 2112 Deus
592 2085 602 2112 ι
625 2066 699 2112 sed
724 2083 802 2111 nec
824 2065 888 2111 ibi
911 2065 1049 2111 defuit
1075 2066 1215 2122 Deus,
1247 2065 1349 2128 quia
1380 2064 1450 2110 ille
1481 2081 1568 2110 non
1598 2075 1689 2109 erat
1716 2081 1827 2111 reus,

456 2138 592 2183 Affuit
618 2135 827 2183 Dominus
848 2136 1013 2199 {Ioseph
1031 2135 1216 2199 patienti
1233 2154 1242 2180 z
1259 2135 1378 2198 quod
1398 2153 1485 2180 non
1504 2135 1591 2179 cito
1611 2134 1830 2190 subvenit,

456 2207 509 2253 ad
547 2210 711 2266 majora
745 2206 927 2270 praemia
965 2206 1145 2252 distulit.
1191 2205 1452 2250 Lasstificavit
1489 2204 1665 2259 merito,
1704 2221 1834 2267 quem

455 2277 642 2322 exercuit
667 2276 899 2339 supplicio.
930 2275 1095 2319 Debuit
1116 2275 1230 2319 enim
1255 2284 1426 2319 sanctus
1448 2274 1540 2336 ipse
1564 2273 1727 2337 Joseph
1752 2291 1834 2337 pro

454 2347 546 2410 ipsa
570 2345 787 2409 pudicitia
817 2343 982 2407 aliquid
1010 2344 1137 2389 etiam
1164 2344 1324 2389 durum
1352 2343 1461 2406 pati,
1489 2343 1574 2388 hoc
1604 2353 1682 2398 cst,
1712 2360 1834 2389 ama-

455 2434 567 2462 rum.
599 2416 644 2460 Si
665 2416 804 2479 ipsam
825 2414 1095 2478 impudicam
1112 2414 1334 2459 mulierem
1354 2413 1533 2459 forsitan
1555 2424 1734 2469 amaret,
1754 2430 1834 2477 pro

452 2488 525 2534 illa
550 2497 726 2550 paratus
748 2496 854 2531 esset
876 2485 983 2530 dura
1003 2485 1200 2549 perpeti:
1221 2496 1262 2531 et
1288 2484 1359 2530 illa
1386 2501 1575 2530 amorem
1591 2501 1713 2529 suum
1737 2501 1835 2544 erga

455 2576 496 2604 se
518 2575 603 2602 non
626 2556 850 2619 probaret,
869 2555 949 2600 nisi
966 2566 1147 2619 propter
1169 2555 1284 2602 illam
1311 2554 1408 2599 talia
1428 2554 1603 2600 molesta
1630 2553 1697 2599 vel
1722 2554 1832 2600 dura

460 2628 675 2684 toleraret,
703 2637 745 2672 et
771 2626 992 2683 charitati,
1020 2626 1107 2671 imo
1135 2643 1219 2672 non
1252 2625 1473 2683 charitati,
1502 2624 1573 2671 sed
1603 2624 1725 2670 malm
1752 2641 1834 2670 (ru-
