1999 3282
513 250 576 305 64
935 259 969 290 s.
1013 257 1256 289 Aueusrtm
1292 258 1496 289 Emscom

513 329 578 375 tui
614 343 691 391 per
721 324 997 390 Apostolum,
1026 345 1046 365 «
1076 323 1175 369 Noli
1209 324 1326 370 vinci
1357 344 1380 370 a
1415 324 1548 382 malo,
1582 324 1659 372 sed
1691 324 1816 373 vince
1847 325 1895 373 in

509 420 533 441 2)
552 398 671 443 bono
706 395 927 443 malum1‘2>
958 417 979 438 »
1010 397 1135 440 Forte
1167 394 1239 440 ille
1273 399 1398 459 pejor
1433 406 1495 441 est
1518 413 1528 441 ε
1548 413 1650 442 cum
1685 408 1727 443 et
1758 408 1807 443 tu
1841 396 1895 442 sis

512 466 669 525 malus,
701 467 789 513 duo
824 477 969 512 tamen
1000 464 1117 511 111311.
1160 466 1252 525 Ego
1282 465 1437 512 vellem
1468 476 1517 511 ut
1546 466 1615 514 vel
1647 484 1757 514 unus
1789 477 1897 513 esset

510 537 666 584 bonus.
700 538 924 583 Postremo
955 536 1076 583 saevit
1100 551 1237 598 usque
1262 535 1317 581 ad
1343 546 1540 583 mortem.
1576 536 1698 593 Quid
1726 548 1768 583 et
1797 547 1897 602 post

512 619 715 666 mortem,
741 608 821 654 ubi
844 607 899 654 ad
918 607 1042 653 illum
1062 605 1225 652 malum
1241 609 1333 666 jam
1350 624 1439 653 non
1458 607 1657 671 pervenit
1677 624 1830 672 poena,
1855 617 1898 652 et

514 679 689 726 alterius
720 678 826 725 mali
858 689 950 724 tota
984 687 1202 723 exercetur
1238 677 1436 724 malitia?
1473 678 1569 724 Hoc
1604 678 1791 725 insanire
1813 688 1893 736 051,

514 767 603 796 11011
616 748 855 797 vindicare.

581 821 660 867 XI.
690 819 811 877 Quid
828 818 953 866 vobis
972 817 1116 864 dicam
1124 855 1135 875 ,
1152 817 1303 863 fratres
1316 818 1429 864 mei?
1453 819 1561 882 quid
1577 819 1702 866 Vobis
1722 819 1894 866 dicam?

515 892 616 937 Non
641 891 766 938 vobis
789 890 992 954 placeant
1020 888 1157 934 tales?
1185 889 1332 934 Ita-ne
1354 906 1456 936 vero
1481 889 1534 935 de
1554 890 1679 937 vobis
1699 906 1898 936 sensurus

518 979 631 1019 511111,
660 961 762 1024 quia
788 960 964 1025 placent
987 959 1112 1005 vobis
1139 959 1272 1005 tales?
1304 959 1431 1005 Absit
1453 978 1476 1005 a
1498 961 1643 1018 nobis,
1667 971 1715 1006 ut
1738 960 1900 1006 sentia-

517 1050 614 1078 mus
643 1032 724 1077 ista
753 1031 806 1077 de
842 1031 979 1079 vobis,
1022 1030 1107 1075 Sed
1138 1047 1295 1093 parum
1328 1041 1390 1076 est
1426 1042 1474 1076 ut
1506 1030 1610 1077 tales
1644 1031 1901 1095 displiceant

518 1103 662 1159 vobis,
691 1119 850 1166 parum
874 1112 936 1146 est
960 1118 970 1145 z
994 1111 1056 1145 est
1086 1099 1252 1163 aliquid
1277 1101 1397 1164 quod
1422 1101 1475 1146 de
1499 1102 1624 1148 vobis
1646 1101 1902 1161 exigendum

520 1185 596 1220 est.
623 1175 687 1219 Ne
707 1173 804 1237 quis
825 1172 942 1218 dicat
961 1189 971 1216 ι
991 1172 1105 1216 Deus
1124 1172 1246 1217 novit
1267 1172 1370 1234 quia
1388 1172 1507 1217 nolui
1529 1173 1633 1220 fieri.
1662 1174 1774 1218 Ecce
1796 1172 1903 1218 duas

520 1261 585 1290 res
607 1243 751 1289 dixisti
768 1262 779 1288 t
795 1254 838 1289 et
861 1260 949 1288 non
975 1241 1076 1298 feci,
1104 1253 1146 1287 et
1166 1242 1287 1288 nolui
1314 1243 1420 1290 fieri.
1456 1243 1617 1289 Adhuc
1644 1260 1802 1307 parum
1821 1253 1896 1290 est.

520 1316 683 1361 Parum
715 1325 777 1361 est
799 1331 975 1378 prorsus
1002 1313 1037 1358 si
1067 1313 1262 1371 noluisti,
1291 1315 1324 1359 si
1345 1331 1434 1359 non
1458 1314 1586 1360 etiam
1614 1313 1897 1378 prohibuisti.

522 1387 702 1433 Habent
716 1386 819 1433 mali
831 1386 1001 1446 judices
1019 1401 1132 1442 51105,
1153 1385 1323 1431 habent
1343 1396 1575 1450 potestates
1594 1404 1713 1432 suas:
1731 1386 1784 1432 de
1801 1385 1905 1449 qui-

522 1458 607 1503 bus
626 1457 860 1522 Apostolus
877 1457 937 1503 ait
959 1474 969 1501 :
991 1478 1010 1498 «
1030 1457 1128 1501 Non
1144 1456 1259 1501 enim
1274 1457 1362 1502 sine
1377 1474 1505 1502 031153
1523 1456 1717 1517 gladium
1735 1466 1896 1520 portat.

521 1551 543 1572 >³
563 1530 729 1575 Vindex
750 1540 812 1575 est
831 1529 943 1574 enim
969 1528 1011 1573 in
1036 1527 1164 1584 iram,
1186 1527 1259 1573 scd
1276 1529 1313 1574 ci
1332 1528 1409 1592 qui
1425 1528 1537 1574 male
1554 1529 1654 1589 agit.
1682 1551 1703 1570 »
1724 1529 1777 1573 Ι11
1793 1527 1903 1573 iram

522 1599 680 1647 vindex
701 1600 739 1645 ei
764 1599 840 1663 qui
858 1598 970 1644 male
988 1598 1089 1657 agit.
1114 1620 1133 1639 «
1150 1598 1281 1654 Quod
1302 1599 1334 1644 si
1356 1599 1538 1656 malum,
1559 1599 1720 1663 inquit,
1737 1598 1903 1655 feceris,

522 1691 544 1712 »
564 1670 682 1717 time.
717 1670 817 1715 Non
844 1669 959 1714 enim
980 1668 1069 1713 sine
1093 1685 1221 1713 causa
1251 1668 1446 1728 gladium
1472 1679 1632 1733 portat.
1666 1668 1740 1715 Vis
1764 1679 1907 1714 autem

524 1762 544 1782 ›>
564 1757 652 1786 non
676 1740 826 1786 timere
845 1741 1137 1803 potestatem?
1157 1740 1329 1785 Bonum
1347 1739 1434 1797 fac,
1460 1750 1501 1785 et
1523 1739 1710 1786 habebis
1734 1738 1907 1785 laudem

525 1833 547 1854 ³>
569 1830 615 1858 ex
637 1812 755 1859 illa2.
780 1833 801 1854 ³>

588 1884 690 1930 XII.
734 1882 853 1940 Quid
876 1899 994 1943 ergo,
1019 1882 1079 1928 ait
1092 1881 1265 1945 aliquis,
1283 1892 1456 1927 sanctus
1471 1882 1730 1928 Laurentius
1746 1881 1909 1927 malum

523 1953 701 2008 fecerat,
725 1964 774 1999 ut
791 1972 814 1999 3
835 1963 1046 2017 potestate
1076 1952 1380 1998 occideretur?
1407 1952 1642 2009 Quomodo
1666 1953 1712 1998 in
1731 1952 1805 1998 illo
1823 1952 1910 1998 1111-

522 2024 690 2088 pletum
716 2035 795 2081 est,
829 2046 848 2065 z<
878 2025 1052 2069 Bonum
1078 2023 1166 2079 fac,
1191 2034 1233 2068 et
1255 2023 1443 2069 habebis
1466 2022 1642 2068 laudem
1665 2040 1713 2068 ex
1739 2022 1812 2068 illa
1829 2022 1865 2079 ὃ,
1892 2044 1910 2064 n

526 2095 702 2159 quando
715 2105 897 2159 propter
914 2095 1082 2139 bonum
1102 2104 1244 2139 tantos
1260 2093 1477 2139 cruciatus
1494 2094 1652 2139 meruit
1671 2111 1717 2139 ex
1729 2092 1832 2139 illa?
1860 2093 1906 2139 Si

526 2183 613 2212 non
633 2166 818 2211 haberet
837 2164 1011 2211 laudem
1035 2182 1082 2210 ex
1100 2164 1191 2221 illa,
1219 2164 1351 2210 hodie
1375 2181 1465 2209 non
1487 2164 1794 2222 honoraretur,
1821 2182 1909 2211 non

527 2255 550 2282 3
574 2236 700 2281 1101115
730 2235 1075 2299 praedicaretur,
1111 2252 1200 2281 non
1231 2245 1349 2280 tanto
1382 2235 1603 2298 praeconio
1639 2234 1904 2282 laudaretur.

526 2306 673 2352 Habet
696 2323 795 2366 crgo
818 2306 993 2352 laudem
1014 2324 1062 2352 ex
1080 2306 1173 2363 illa,
1201 2306 1331 2351 0113111
1354 2304 1525 2351 nolente
1548 2305 1636 2352 illa.
1674 2307 1772 2352 Non
1799 2307 1912 2352 enim

528 2378 589 2422 ait
620 2377 880 2440 Apostolus:
901 2379 1073 2423 Bonum
1097 2377 1183 2434 fac,
1214 2388 1255 2422 et
1280 2377 1484 2423 laudabit
1514 2387 1554 2421 tc
1583 2388 1774 2440 potestas
1798 2379 1906 2442 ipsa.

528 2448 701 2492 Bonum
720 2447 833 2492 enim
852 2448 1046 2494 fecerunt
1065 2447 1263 2511 Apostoli
1277 2465 1422 2493 omnes
1441 2458 1483 2492 et
1500 2451 1715 2511 Martyres
1730 2486 1741 2506 ,
1768 2459 1810 2494 01
1825 2465 1914 2494 11011

524 2535 595 2564 005
611 2516 917 2577 laudaverunt,
941 2519 1015 2565 sed
1034 2519 1344 2565 interfecerunt
1360 2518 1508 2583 potius
1524 2528 1770 2583 potestates.
1794 2520 1908 2579 Ergo

574 2608 584 2630 ¹
604 2610 696 2641 Rom.
716 2618 777 2648 xm,
796 2618 851 2644 21.
868 2625 912 2632 ·-—
931 2607 947 2631 2
963 2611 1058 2642 Rom.
1074 2619 1149 2649 xm,
1172 2611 1204 2653 3,
1226 2615 1257 2646 4.
1273 2624 1318 2634 ——-
1335 2605 1348 2631 3
1365 2607 1452 2642 Beda
1474 2614 1506 2641 et
1523 2608 1636 2641 Florus
1649 2608 1688 2642 ad
1704 2611 1799 2642 Rom.
1814 2617 1888 2641 xm.
