1999 3282
499 266 559 312 86
920 280 956 309 5.
999 277 1243 313 AUGUSTINI
1278 280 1483 311 EPISCOPl

499 364 610 393 rum.
638 345 727 390 Nec
742 344 813 390 ille
833 344 909 408 qui
930 343 1235 404 interrogavit,
1264 344 1372 390 dixit
1395 363 1404 390 :
1430 367 1450 387 α
1470 346 1592 403 Quid
1613 345 1772 394 faciam
1790 385 1802 405 ,
1826 359 1876 404 ut

499 418 674 464 »vitam
694 432 974 479 consequar»
1005 415 1178 460 beatam
1196 453 1207 471 ‚
1239 415 1313 461 sed
1339 416 1643 463 tantummodo
1680 439 1700 460 «
1729 417 1876 476 Vitam

498 488 646 535 »dixit
671 498 894 534 aeternam.
921 508 940 528 ›>
980 486 1176 532 Nolendo
1200 487 1337 543 mori,
1369 488 1571 551 quaesivit
1607 488 1742 534 vitam
1775 505 1875 552 quae

496 579 585 608 non
606 560 741 607 habet
768 560 913 606 finem.
947 559 1002 603 Et
1032 558 1247 622 numquid
1283 577 1396 614 non,
1432 559 1545 605 sieut
1589 559 1704 616 dixi,
1744 559 1876 617 etiam

498 632 542 678 in
561 631 786 677 tormentis
813 629 1050 693 impiorum
1072 630 1163 676 vita
1185 647 1273 675 non
1300 630 1436 675 habet
1461 630 1624 675 finem?
1649 629 1735 676 Sed
1758 629 1876 685 hane

497 703 570 748 ille
595 719 683 748 non
699 701 887 749 vocabat
906 700 1055 747 vitam.
1084 700 1195 757 Quae
1214 711 1319 746 esset
1338 700 1383 745 in
1401 700 1626 745 doloribus
1643 710 1685 746 et
1708 701 1876 754 crucia-

498 774 640 829 tibus,
667 772 802 819 vitam
826 789 914 818 non
937 789 1023 817 esse
1045 771 1208 817 sciebat
1234 789 1244 816 ε
1272 782 1455 817 mortem
1483 772 1630 835 potius
1653 772 1876 836 appellan—

498 844 600 891 dam
616 860 703 889 esse
722 854 915 889 noverat.
943 842 1047 888 ldeo
1065 842 1105 888 vi
1115 854 1201 888 tam
1220 853 1425 888 aeternam
1444 842 1670 905 quaerebat
1687 860 1698 888 t
1727 854 1775 889 ut
1798 843 1877 890 ubi

497 915 587 962 vita
611 914 788 960 auditur
806 951 817 970 ,
838 913 891 958 de
908 913 1179 959 beatitudine
1198 930 1285 958 non
1311 912 1553 959 dubitetur.
1586 913 1644 957 Et
1665 913 1877 966 Dominus

499 986 552 1034 ad
574 985 699 1032 illum
719 1003 807 1032 non
828 984 933 1030 dixit
953 1002 964 1030 :
994 984 1040 1031 Si
1061 984 1123 1030 vis
1146 986 1290 1030 venire
1313 983 1368 1029 ad
1394 983 1526 1029 vitam
1545 983 1736 1040 beatam,
1756 1001 1876 1042 serva

498 1058 703 1106 mandata
724 1075 734 1102 ι
761 1056 837 1102 sed
863 1056 993 1101 etiam
1015 1057 1106 1119 ipse
1130 1056 1265 1102 solam
1284 1056 1419 1102 vitam
1438 1054 1698 1111 nominavit,
1720 1065 1763 1101 et
1785 1055 1872 1102 ait:

497 1150 520 1172 c<
539 1128 587 1175 Si
607 1128 670 1174 vis
689 1128 832 1174 Venire
855 1126 911 1172 ad
930 1126 1065 1172 vitam
1079 1163 1090 1183 ,
1118 1144 1238 1172 serva
1266 1125 1485 1172 mandata.
1511 1146 1531 1167 >2
1556 1126 1669 1185 Ergo
1698 1124 1772 1171 illa
1788 1126 1878 1182 vita

495 1200 543 1246 in
562 1197 787 1245 tormentis
805 1214 893 1243 non
909 1207 971 1242 est
989 1197 1103 1250 vita3
1126 1207 1168 1242 et
1184 1196 1258 1242 illa
1277 1197 1366 1243 vita
1386 1196 1474 1242 sola
1490 1206 1553 1241 est
1567 1233 1578 1253 ,
1600 1213 1700 1260 quae
1716 1195 1845 1254 beata
1862 1215 1872 1242 :

496 1287 575 1316 nec
591 1269 720 1315 beata
733 1285 820 1314 esse
843 1277 1013 1331 potest,
1037 1267 1119 1312 nisi
1141 1266 1271 1312 fuerit
1300 1278 1475 1313 aeterna.
1502 1267 1737 1331 Propterea
1758 1266 1879 1318 dives

494 1341 567 1388 ille
601 1341 738 1386 sciens
766 1356 808 1384 se
834 1337 1101 1402 interpellari
1135 1338 1330 1402 quotidie
1359 1338 1509 1384 timore
1538 1337 1714 1395 mortis,
1742 1338 1876 1395 vitam

494 1422 701 1468 aeternam
722 1409 962 1474 quaerebat.
995 1410 1104 1455 Nam
1131 1410 1265 1455 vitam
1284 1409 1481 1465 beatam,
1506 1409 1618 1456 sicut
1639 1408 1678 1456 ei
1697 1408 1877 1459 videha÷

493 1494 593 1540 tur,
614 1486 706 1542 jam
728 1481 938 1528 habebat.
973 1482 1076 1527 Erat
1100 1482 1215 1527 enim
1253 1480 1371 1526 dixes
1409 1492 1450 1526 et
1482 1498 1633 1537 sa,nus
1671 1492 1712 1527 et
1748 1480 1878 1538 credo

494 1554 595 1618 quia
619 1552 796 1599 dicebat.
818 1551 936 1598 sibi:
967 1551 1089 1597 Nihil
1111 1551 1207 1597 volo
1229 1551 1443 1615 amplius,
1466 1552 1500 1597 si
1519 1519 1652 1616 possit
1675 1568 1762 1598 esse
1779 1569 1877 1616 per-

490 1635 689 1688 petuum.
720 1622 927 1668 Habebat
949 1622 1064 1667 enim
1092 1622 1216 1685 quasi
1248 1621 1453 1667 2211111biles
1477 1621 1750 1686 voluptates,
1774 1621 1878 1691 quia

489 1694 677 1740 satilbat
705 1692 855 1740 stultas
875 1692 1151 1756 cupiditttes.
1191 1692 1382 1737 Proinde
1407 1693 1620 1738 Dominus
1654 1710 1742 1738 uno
1777 1710 1877 1749 eum

488 1765 663 1811 nomine
690 1765 816 1819 vitae,
839 1764 872 1809 si
896 1763 967 1809 ille
995 1763 1229 1817 intellexit,
1264 1763 1461 1810 correxit.
1498 1765 1593 1808 :Non
1619 1763 1678 1809 ait
1699 1781 1709 1808 :
1739 1763 1786 1810 Si
1808 1763 1873 1811 vis

487 1836 633 1883 venire
673 1834 729 1881 ad
768 1835 905 1880 vitam
934 1845 1166 1889 aeternam,
1203 1851 1334 1896 quam
1364 1833 1435 1878 ille
1459 1834 1715 1897 quaerebat,
1752 1835 1874 1898 quasi

480 1911 571 1967 jam
600 1906 768 1951 habens
806 1905 1011 1957 beatam3
1047 1921 1125 1950 nee
1168 1904 1227 1949 ait
1255 1922 1265 1947 :
1296 1904 1341 1948 Si
1366 1904 1428 1949 vis
1465 1904 1608 1949 venire
1649 1904 1703 1950 ad
1734 1905 1869 1952 vitam

486 1978 688 2030 beat-anu
717 1976 854 2022 sciens
877 1976 981 2038 quia
1002 1976 1035 2020 si
1058 1975 1211 2021 misera
1236 1985 1297 2020 est
1314 2012 1324 2023 .
1352 1992 1430 2020 nec
1458 1975 1546 2020 vita
1574 1974 1757 2020 dicenda
1774 1987 1866 2030 est;

485 2047 560 2093 sed
582 2047 642 2092 ait
669 2065 680 2092 ς
708 2068 728 2088 (ι
751 2046 796 2091 Si
819 2046 883 2092 vis
911 2046 1055 2092 venire
1080 2046 1134 2091 ad
1165 2045 1331 2090 vitam:
1368 2067 1386 2086 ›>
1416 2045 1477 2090 ibi
1502 2056 1563 2090 est
1592 2058 1774 2104 zeterna,
1805 2046 1870 2092 ibi

483 2118 612 2164 beata
634 2135 644 2162 ε
674 2139 694 2159 «
716 2117 762 2163 Si
785 2117 850 2163 vis
871 2117 1013 2162 venire
1039 2117 1091 2162 ad
1122 2116 1255 2161 vitam
1275 2154 1286 2167 ,
1319 2133 1438 2160 serva
1466 2116 1685 2162 mandata.
1712 2138 1730 2157 υ
1759 2117 1871 2177 Ergo

481 2189 596 2245 vita,
625 2205 724 2251 quae
758 2197 919 2233 aeterna
944 2197 985 2232 et
1010 2187 1137 2232 beata
1173 2204 1183 2231 :
1221 2186 1323 2249 quia
1364 2186 1399 2231 si
1435 2204 1523 2231 non
1560 2197 1750 2242 aeterna,
1790 2205 1868 2237 nec

479 2259 636 2312 beata3
659 2259 695 2304 si
712 2268 856 2304 autem
879 2268 1040 2304 oeterna
1062 2257 1106 2301 in
1125 2257 1290 2320 poenis,
1317 2274 1397 2301 nee
1416 2257 1519 2302 rita.

542 2330 640 2374 Vll.
674 2329 794 2386 Quid
813 2339 874 2374 est
892 2365 902 2384 ,
926 2328 1075 2372 fratres
1089 2331 1107 2372 ζ)
1137 2330 1249 2373 Cum
1268 2344 1507 2389 quererem
1526 2338 1671 2372 utrum
1698 2327 1862 2378 velletis

479 2401 653 2455 vivere,
692 2417 838 2445 omnes
876 2398 1203 2463 respondebatis
1238 2398 1346 2443 wile
1386 2414 1485 2451 vos3
1522 2409 1668 2444 utrum
1699 2398 1865 2446 velletis

473 2472 566 2519 sani
585 2489 694 2529 esse,
724 2489 872 2517 omnes
903 2470 1231 2534 respondebatis
1263 2470 1370 2516 velle
1402 2487 1489 2516 vos.
1533 2469 1618 2515 Sed
1643 2470 1802 2517 sanitas
1823 2481 1865 2525 et

469 2543 559 2589 vita
575 2543 608 2589 si
628 2544 800 2589 timetur
818 2560 868 2587 ne
889 2542 1082 2590 finiatur.
1099 2545 1192 2601 jam
1215 2559 1297 2586 non
1325 2552 1385 2584 esi,
1406 2541 1508 2587 vitu.
1538 2541 1636 2586 Non
1661 2551 1722 2586 est
1738 2542 1863 2588 enim

471 2631 638 2680 semper
670 2613 839 2670 vivere,
875 2613 950 2660 sed
989 2629 1156 2675 semper
1188 2612 1351 2658 timere.
1386 2611 1432 2658 Si
1468 2628 1636 2676 semper
1672 2610 1857 2672 timere⁸
