1863 3246
239 262 383 294 senno
419 261 621 302 cccrxrx,
660 261 714 293 DE
754 260 1017 293 ΝΑτινῐτΑτΕ
1052 263 1230 295 nomm.
1334 251 1426 313 493

63 342 243 390 sponsus
266 326 319 372 de
353 326 546 372 thalamo
570 344 673 385 suo,
713 344 800 390 quo
831 326 1088 373 mortalibus
1121 328 1256 374 oculis
1291 342 1434 393 posset

62 396 224 454 videri,
251 409 294 443 et
311 408 540 458 augmento
572 398 681 444 lucis
705 415 862 444 annuae
884 415 925 443 se
946 397 1091 444 lucem
1114 399 1325 445 mentium
1357 417 1434 446 ve-

62 466 172 513 nisse
200 468 359 515 testari.
402 468 638 531 Prophetae
673 468 923 514 cecinerunt
955 468 1236 514 Conditorem
1263 469 1365 515 coeli
1393 481 1435 516 et

62 548 188 583 terrae
205 539 251 584 in
274 549 385 584 terra
403 555 504 584 cum
523 538 777 585 hominibus
799 539 994 585 futurum
1020 556 1030 583 ε
1054 539 1240 599 Angelus
1257 557 1431 587 annun-

62 607 186 653 tiavit
215 610 463 654 Creatorem
501 608 641 654 carnis
672 620 713 654 et
744 609 920 672 spiritus
943 609 989 655 in
1017 625 1144 655 carne
1181 621 1429 658 venturum.

64 677 279 725 Salutavit
301 679 325 724 J
330 697 488 725 oannes
512 696 559 725 ex
587 690 709 725 utero
729 680 774 725 in
801 691 921 726 utero
940 680 1232 736 Salvatorem3
1265 682 1437 728 Simeon

62 765 182 795 senex
208 749 348 795 Deum
375 750 550 810 agnovit
570 749 804 804 infantem3
831 753 953 797 Anna
970 751 1100 797 vidua
1119 752 1328 813 virginem
1348 771 1437 799 ma-

63 830 185 867 trem.
210 820 318 866 Haec
338 831 439 866 sunt
456 822 696 867 testimonia
720 822 955 868 nativitatis
973 833 1084 879 tuae,
1108 824 1291 870 Domine
1309 825 1430 881 Jesu,

63 901 296 955 antequam
314 892 396 938 tibi
425 893 584 940 fluctus
607 894 979 940 substernerentur
1001 894 1209 951 calcanti,
1237 896 1437 942 cederent

61 962 318 1026 imperanti3
347 975 577 1028 antequam
596 976 748 1011 ventus
768 977 806 1011 te
823 966 1006 1025 jubente
1022 966 1220 1023 siluisset,
1242 979 1436 1013 mortuus

63 1043 102 1079 te
128 1045 308 1080 vocante
343 1035 535 1091 vixisset,
576 1035 638 1081 sol
672 1046 710 1081 te
749 1035 955 1081 moriente
980 1035 1227 1099 palluisset,
1258 1049 1368 1083 terra
1400 1048 1438 1082 te

62 1117 305 1166 resurgente
339 1107 601 1164 tremuisset,
641 1107 805 1153 coelum
837 1118 874 1153 te
907 1107 1162 1153 ascendente
1192 1109 1432 1171 patuisset:

63 1186 294 1240 antequam
318 1177 397 1222 ista
418 1189 459 1223 et
483 1178 565 1224 alia
586 1178 800 1223 mirabilia
819 1182 911 1237 jam
930 1178 1135 1238 juvenilis
1155 1180 1219 1225 tui
1244 1181 1437 1243 corporis

0 1296 1 1299 Ἴ
61 1257 188 1292 aetate
212 1246 394 1294 fecisses,
433 1248 592 1294 Adhuc
620 1247 665 1293 in
693 1248 894 1309 manibus
923 1250 1070 1294 matris
1100 1250 1368 1312 portabaris,
1397 1261 1438 1295 ct

0 1310 2 1349 l
57 1322 148 1378 jam
177 1318 387 1364 Dominus
408 1319 526 1365 orbis
554 1319 866 1379 agnoscebaris,
901 1320 997 1382 lpse
1022 1337 1133 1383 puer
1163 1321 1370 1384 parvulus
1391 1338 1437 1367 ex

0 1388 4 1447 Ι
62 1388 220 1434 semine
244 1388 380 1433 Israel
396 1426 406 1443 ‚
426 1400 467 1434 et
495 1390 586 1451 ipse
605 1390 834 1434 nobiscum
860 1391 975 1433 Deus
1002 1392 1271 1439 Emmanuel.

131 1459 188 1504 ll.
233 1458 344 1514 Quae
362 1469 424 1504 est
443 1458 515 1503 illa
540 1459 673 1503 nostri
697 1458 911 1517 generatio
933 1457 1166 1504 Salvatoris
1186 1496 1196 1513 ‚
1224 1476 1310 1522 qua
1340 1460 1436 1520 gig-

64 1527 183 1575 nenti
215 1527 336 1574 Patri
369 1540 609 1574 coaeternus
647 1539 735 1584 est,
765 1528 941 1590 quando
970 1528 1084 1573 hanc
1121 1530 1436 1587 generationem

0 1657 1 1661 ,
63 1618 111 1646 ex
132 1599 296 1658 Virgine
319 1600 508 1645 mundus
527 1599 722 1663 expavit,
747 1615 877 1661 quam
896 1598 969 1660 pia
990 1598 1095 1643 fidos
1115 1600 1289 1658 agnovit
1305 1610 1346 1645 et
1370 1611 1436 1645 te·—

0 1667 2 1740 )
64 1671 187 1727 nuit,
213 1670 444 1716 infidelitas
468 1681 610 1716 autem
632 1669 788 1725 irrisit,
815 1668 1016 1731 superbia
1036 1669 1180 1714 timuit
1199 1682 1397 1734 superata
1413 1675 1431 1716 ἒ)

65 1741 279 1798 Quaenam
302 1753 364 1788 est
388 1742 459 1788 illa
479 1741 693 1800 generatio
709 1778 719 1796 ,
746 1757 831 1803 qua
859 1761 877 1779 «
903 1741 951 1784 ln
976 1740 1194 1803 principio
1216 1752 1307 1786 erat
1325 1742 1433 1787 Ver-

65 1835 86 1857 »
104 1814 238 1869 bum,
265 1824 307 1858 et
333 1813 525 1859 Verbum
556 1823 646 1858 erat
673 1810 793 1874 apud
821 1812 980 1858 Deum.
1018 1821 1057 1855 et
1083 1811 1196 1856 Deus
1218 1823 1307 1857 erat
1326 1813 1436 1858 Ver-

65 1884 307 1931 »bunfim
344 1884 420 1929 Vol
455 1883 574 1946 quod
611 1894 672 1927 est
708 1882 789 1927 hoc
831 1881 1050 1929 Verbum.
1087 1882 1204 1943 quod
1241 1882 1437 1928 dicturus

66 1967 164 2002 ante
189 1973 275 2001 non
292 1954 467 2009 silebat,
494 1971 581 2015 quo
604 1953 721 1997 dicto
742 1968 827 1995 non
852 1950 967 1994 siluit
987 1950 1060 2011 qui
1085 1949 1284 1996 dicebat?
1307 1952 1438 2007 Quod

65 2036 127 2070 est
152 2024 335 2071 verbum
361 2024 449 2069 sine
470 2034 686 2085 tempore„
714 2038 788 2083 per
812 2019 929 2082 quod
956 2019 1065 2063 sacta
1093 2032 1192 2066 sunt
1220 2025 1437 2084 ternpora')

66 2096 259 2142 Verbum
287 2094 405 2157 quod
439 2093 554 2138 labia
580 2092 739 2137 nullius
772 2090 940 2153 aperuit
971 2099 1194 2152 coeptum,
1236 2090 1441 2138 clausitve

67 2167 237 2211 finitum
260 2184 270 2210 ε
299 2164 490 2210 Verbum
510 2163 628 2227 quod
655 2162 824 2208 initium
850 2178 933 2206 non
955 2161 1084 2205 habel
1106 2178 1150 2205 ex
1172 2178 1242 2206 ore.
1266 2162 1443 2226 loquen-

69 2238 200 2291 tium,
233 2246 275 2280 et
316 2236 453 2297 aperit
493 2252 566 2279 ora
606 2245 822 2279 mutorum
846 2250 856 2278 :
903 2232 1090 2276 verbnm
1132 2232 1248 2295 quod
1287 2233 1443 2291 linguis

68 2307 259 2367 gentium
285 2305 452 2350 disertis
473 2321 557 2350 non
579 2306 649 2355 m,
677 2315 713 2348 et
742 2304 907 2362 linguas
929 2302 1154 2347 infantium
1178 2302 1355 2347 disertas
1379 2304 1439 2348 sa-

67 2379 142 2424 cit.
186 2379 400 2432 Quamnam
439 2386 523 2425 est,
566 2375 740 2437 inquam
758 2412 768 2422 .
813 2374 883 2418 itta
920 2374 1158 2431 genoratio.
1206 2374 1273 2417 cui
1312 2375 1439 2418 Pau-1-

70 2446 292 2492 moriendo
328 2463 413 2490 non
449 2444 584 2496 cedit,
613 2444 714 2506 quin
751 2462 835 2489 ιιοιι
868 2462 960 2488 vam
987 2442 1168 2488 vivendo
1199 2443 1437 2505 praecedis>

71 2518 140 2565 Ab
165 2517 371 2563 omnibus
397 2516 590 2562 locorum
610 2527 940 2578 temporumque
961 2513 1213 2560 intervallis.
1244 2514 1299 2558 ab
1319 2516 1434 2560 omni

119 2608 127 2628 ¹
149 2609 241 2639 Joan.
264 2618 286 2648 ι,
312 2617 337 2639 ι,
