<?xml version="1.0" encoding="UTF-8"?>
<!DOCTYPE html PUBLIC "-//W3C//DTD XHTML 1.0 Transitional//EN"
    "http://www.w3.org/TR/xhtml1/DTD/xhtml1-transitional.dtd">
<html xmlns="http://www.w3.org/1999/xhtml" xml:lang="en" lang="en">
 <head>
  <title>
</title>
<meta http-equiv="Content-Type" content="text/html;charset=utf-8" />
  <meta name='ocr-system' content='tesseract 3.04.00' />
  <meta name='ocr-capabilities' content='ocr_page ocr_carea ocr_par ocr_line ocrx_word'/>
</head>
<body>
  <div class='ocr_page' id='page_1' title='image "./operaomniaaccura21auguuoft_0512.png"; bbox 0 0 1942 3272; ppageno 0'>
   <div class='ocr_carea' id='block_1_1' title="bbox 441 247 1428 311">
    <p class='ocr_par' dir='ltr' id='par_1_1' title="bbox 441 247 1428 311">
     <span class='ocr_line' id='line_1_1' title="bbox 441 247 1428 311; baseline 0.001 -20"><span class='ocrx_word' id='word_1_1' title='bbox 441 247 536 311; x_wconf 74' lang='grc'>494</span> <span class='ocrx_word' id='word_1_2' title='bbox 863 261 899 291; x_wconf 77' lang='lat' dir='ltr'>s,</span> <span class='ocrx_word' id='word_1_3' title='bbox 942 259 1187 290; x_wconf 78' lang='lat' dir='ltr'>AUGUSTINI</span> <span class='ocrx_word' id='word_1_4' title='bbox 1222 261 1428 292; x_wconf 80' lang='lat' dir='ltr'>EPISCOPI</span> 
     </span>
    </p>
   </div>
   <div class='ocr_carea' id='block_1_2' title="bbox 436 324 1828 2588">
    <p class='ocr_par' dir='ltr' id='par_1_2' title="bbox 436 324 1828 2438">
     <span class='ocr_line' id='line_1_2' title="bbox 440 324 1817 393; baseline -0.002 -15"><span class='ocrx_word' id='word_1_5' title='bbox 440 327 698 378; x_wconf 82' lang='lat' dir='ltr'>distentione</span> <span class='ocrx_word' id='word_1_6' title='bbox 717 325 955 390; x_wconf 84' lang='lat' dir='ltr'>spatiorum</span> <span class='ocrx_word' id='word_1_7' title='bbox 971 363 982 381; x_wconf 79' lang='grc'>,</span> <span class='ocrx_word' id='word_1_8' title='bbox 1001 342 1134 388; x_wconf 87' lang='lat' dir='ltr'>quam</span> <span class='ocrx_word' id='word_1_9' title='bbox 1151 324 1219 370; x_wconf 70' lang='lat' dir='ltr'>vel</span> <span class='ocrx_word' id='word_1_10' title='bbox 1239 325 1285 371; x_wconf 90' lang='lat' dir='ltr'>in</span> <span class='ocrx_word' id='word_1_11' title='bbox 1305 325 1459 373; x_wconf 87' lang='lat' dir='ltr'>diebus</span> <span class='ocrx_word' id='word_1_12' title='bbox 1475 365 1486 383; x_wconf 80' lang='lat'><strong>‚</strong></span> <span class='ocrx_word' id='word_1_13' title='bbox 1507 327 1576 373; x_wconf 79' lang='lat' dir='ltr'>vel</span> <span class='ocrx_word' id='word_1_14' title='bbox 1591 328 1637 374; x_wconf 92' lang='lat' dir='ltr'>in</span> <span class='ocrx_word' id='word_1_15' title='bbox 1663 346 1817 393; x_wconf 83' lang='lat' dir='ltr'>corpo-</span> 
     </span>
     <span class='ocr_line' id='line_1_3' title="bbox 438 395 1818 463; baseline -0.003 -13"><span class='ocrx_word' id='word_1_16' title='bbox 438 402 561 450; x_wconf 86' lang='lat' dir='ltr'>ribus</span> <span class='ocrx_word' id='word_1_17' title='bbox 599 397 754 445; x_wconf 88' lang='lat' dir='ltr'>sentire</span> <span class='ocrx_word' id='word_1_18' title='bbox 784 396 1111 451; x_wconf 76' lang='lat' dir='ltr'>consuevimus,</span> <span class='ocrx_word' id='word_1_19' title='bbox 1142 395 1332 442; x_wconf 75' lang='lat' dir='ltr'><strong>levemus</strong></span> <span class='ocrx_word' id='word_1_20' title='bbox 1359 398 1413 443; x_wconf 79' lang='lat' dir='ltr'>ad</span> <span class='ocrx_word' id='word_1_21' title='bbox 1447 415 1571 455; x_wconf 82' lang='lat' dir='ltr'>eum,</span> <span class='ocrx_word' id='word_1_22' title='bbox 1604 410 1818 463; x_wconf 84' lang='lat' dir='ltr'>quantum</span> 
     </span>
     <span class='ocr_line' id='line_1_4' title="bbox 436 467 1818 539; baseline -0.002 -20"><span class='ocrx_word' id='word_1_23' title='bbox 436 475 533 539; x_wconf 88' lang='lat' dir='ltr'>ipso</span> <span class='ocrx_word' id='word_1_24' title='bbox 553 470 788 531; x_wconf 81' lang='lat' dir='ltr'>adjuvante</span> <span class='ocrx_word' id='word_1_25' title='bbox 815 484 1044 533; x_wconf 87' lang='lat' dir='ltr'>possumus</span> <span class='ocrx_word' id='word_1_26' title='bbox 1063 504 1074 523; x_wconf 79' lang='grc'><em>,</em></span> <span class='ocrx_word' id='word_1_27' title='bbox 1099 467 1287 512; x_wconf 82' lang='lat' dir='ltr'>animam</span> <span class='ocrx_word' id='word_1_28' title='bbox 1310 480 1499 514; x_wconf 82' lang='lat' dir='ltr'>nostram</span> <span class='ocrx_word' id='word_1_29' title='bbox 1517 507 1528 526; x_wconf 77' lang='lat'>‚</span> <span class='ocrx_word' id='word_1_30' title='bbox 1550 470 1584 515; x_wconf 89' lang='lat' dir='ltr'>si</span> <span class='ocrx_word' id='word_1_31' title='bbox 1599 470 1818 533; x_wconf 78' lang='lat' dir='ltr'>quomodo</span> 
     </span>
     <span class='ocr_line' id='line_1_5' title="bbox 436 541 1815 610; baseline -0.005 -17"><span class='ocrx_word' id='word_1_32' title='bbox 436 561 590 610; x_wconf 85' lang='lat' dir='ltr'>capere</span> <span class='ocrx_word' id='word_1_33' title='bbox 610 541 828 589; x_wconf 82' lang='lat' dir='ltr'>valeamus</span> <span class='ocrx_word' id='word_1_34' title='bbox 845 550 886 585; x_wconf 91' lang='lat' dir='ltr'>et</span> <span class='ocrx_word' id='word_1_35' title='bbox 916 549 1065 584; x_wconf 84' lang='lat' dir='ltr'>natum</span> <span class='ocrx_word' id='word_1_36' title='bbox 1092 555 1181 583; x_wconf 88' lang='lat' dir='ltr'>non</span> <span class='ocrx_word' id='word_1_37' title='bbox 1205 541 1541 602; x_wconf 76' lang='lat' dir='ltr'>praevenientem</span> <span class='ocrx_word' id='word_1_38' title='bbox 1563 542 1638 604; x_wconf 87' lang='lat' dir='ltr'>qui</span> <span class='ocrx_word' id='word_1_39' title='bbox 1660 542 1815 602; x_wconf 77' lang='lat' dir='ltr'>gignit,</span> 
     </span>
     <span class='ocr_line' id='line_1_6' title="bbox 438 610 1819 676; baseline -0.004 -14"><span class='ocrx_word' id='word_1_40' title='bbox 438 627 481 664; x_wconf 87' lang='lat' dir='ltr'>et</span> <span class='ocrx_word' id='word_1_41' title='bbox 499 615 744 676; x_wconf 83' lang='lat' dir='ltr'>gignentem</span> <span class='ocrx_word' id='word_1_42' title='bbox 767 628 854 657; x_wconf 89' lang='lat' dir='ltr'>non</span> <span class='ocrx_word' id='word_1_43' title='bbox 881 610 1215 672; x_wconf 74' lang='lat' dir='ltr'>subsequentem</span> <span class='ocrx_word' id='word_1_44' title='bbox 1243 611 1316 673; x_wconf 89' lang='lat' dir='ltr'>qui</span> <span class='ocrx_word' id='word_1_45' title='bbox 1342 612 1555 670; x_wconf 75' lang='lat' dir='ltr'>gignitur,</span> <span class='ocrx_word' id='word_1_46' title='bbox 1584 614 1756 657; x_wconf 80' lang='lat' dir='ltr'>Patrem</span> <span class='ocrx_word' id='word_1_47' title='bbox 1777 623 1819 657; x_wconf 89' lang='lat' dir='ltr'>et</span> 
     </span>
     <span class='ocr_line' id='line_1_7' title="bbox 441 682 1820 746; baseline -0.004 -13"><span class='ocrx_word' id='word_1_48' title='bbox 441 686 598 734; x_wconf 84' lang='lat' dir='ltr'>Filium</span> <span class='ocrx_word' id='word_1_49' title='bbox 622 703 632 729; x_wconf 89' lang='lat'>:</span> <span class='ocrx_word' id='word_1_50' title='bbox 655 700 735 729; x_wconf 89' lang='lat' dir='ltr'>nec</span> <span class='ocrx_word' id='word_1_51' title='bbox 752 682 915 746; x_wconf 80' lang='lat' dir='ltr'>pariter</span> <span class='ocrx_word' id='word_1_52' title='bbox 933 690 1076 743; x_wconf 78' lang='lat' dir='ltr'>patres</span> <span class='ocrx_word' id='word_1_53' title='bbox 1091 717 1102 733; x_wconf 68' lang='grc'>,</span> <span class='ocrx_word' id='word_1_54' title='bbox 1124 698 1202 725; x_wconf 86' lang='lat' dir='ltr'>nec</span> <span class='ocrx_word' id='word_1_55' title='bbox 1225 682 1386 744; x_wconf 79' lang='lat' dir='ltr'>pariter</span> <span class='ocrx_word' id='word_1_56' title='bbox 1409 682 1518 728; x_wconf 83' lang='lat' dir='ltr'>lilios</span> <span class='ocrx_word' id='word_1_57' title='bbox 1535 720 1546 739; x_wconf 62' lang='lat'><em>9</em></span> <span class='ocrx_word' id='word_1_58' title='bbox 1569 682 1641 728; x_wconf 87' lang='lat' dir='ltr'>sed</span> <span class='ocrx_word' id='word_1_59' title='bbox 1661 683 1820 746; x_wconf 85' lang='lat' dir='ltr'>pariter</span> 
     </span>
     <span class='ocr_line' id='line_1_8' title="bbox 439 762 1821 818; baseline -0.004 -13"><span class='ocrx_word' id='word_1_60' title='bbox 439 769 621 805; x_wconf 84' lang='lat' dir='ltr'>aeternos</span> <span class='ocrx_word' id='word_1_61' title='bbox 645 773 657 801; x_wconf 71' lang='grc' dir='ltr'>ε</span> <span class='ocrx_word' id='word_1_62' title='bbox 683 772 772 800; x_wconf 89' lang='lat' dir='ltr'>non</span> <span class='ocrx_word' id='word_1_63' title='bbox 792 764 1025 815; x_wconf 81' lang='lat' dir='ltr'>utrumque</span> <span class='ocrx_word' id='word_1_64' title='bbox 1049 762 1351 812; x_wconf 70' lang='lat' dir='ltr'>generantem,</span> <span class='ocrx_word' id='word_1_65' title='bbox 1375 771 1454 799; x_wconf 87' lang='lat' dir='ltr'>nec</span> <span class='ocrx_word' id='word_1_66' title='bbox 1475 765 1709 818; x_wconf 89' lang='lat' dir='ltr'>utrumque</span> <span class='ocrx_word' id='word_1_67' title='bbox 1726 771 1821 800; x_wconf 85' lang='lat' dir='ltr'>nas-</span> 
     </span>
     <span class='ocr_line' id='line_1_9' title="bbox 438 822 1822 884; baseline -0.005 -7"><span class='ocrx_word' id='word_1_68' title='bbox 438 839 607 877; x_wconf 86' lang='lat' dir='ltr'>centem</span> <span class='ocrx_word' id='word_1_69' title='bbox 622 864 633 884; x_wconf 86' lang='lat'>‚</span> <span class='ocrx_word' id='word_1_70' title='bbox 655 825 729 872; x_wconf 89' lang='lat' dir='ltr'>sed</span> <span class='ocrx_word' id='word_1_71' title='bbox 747 824 929 871; x_wconf 80' lang='lat' dir='ltr'>alterum</span> <span class='ocrx_word' id='word_1_72' title='bbox 946 824 1034 869; x_wconf 89' lang='lat' dir='ltr'>sine</span> <span class='ocrx_word' id='word_1_73' title='bbox 1052 822 1184 868; x_wconf 82' lang='lat' dir='ltr'>altero</span> <span class='ocrx_word' id='word_1_74' title='bbox 1209 840 1294 868; x_wconf 87' lang='lat' dir='ltr'>non</span> <span class='ocrx_word' id='word_1_75' title='bbox 1314 823 1530 869; x_wconf 87' lang='lat' dir='ltr'>viventem</span> <span class='ocrx_word' id='word_1_76' title='bbox 1554 842 1564 869; x_wconf 75' lang='grc' dir='ltr'>ε</span> <span class='ocrx_word' id='word_1_77' title='bbox 1586 835 1628 869; x_wconf 87' lang='lat' dir='ltr'>et</span> <span class='ocrx_word' id='word_1_78' title='bbox 1647 825 1822 870; x_wconf 78' lang='lat' dir='ltr'>Patrem</span> 
     </span>
     <span class='ocr_line' id='line_1_10' title="bbox 439 893 1821 964; baseline -0.002 -20"><span class='ocrx_word' id='word_1_79' title='bbox 439 899 696 964; x_wconf 79' lang='lat' dir='ltr'>sempiterne</span> <span class='ocrx_word' id='word_1_80' title='bbox 731 896 947 956; x_wconf 76' lang='lat' dir='ltr'>genuisse,</span> <span class='ocrx_word' id='word_1_81' title='bbox 983 904 1025 939; x_wconf 89' lang='lat' dir='ltr'>et</span> <span class='ocrx_word' id='word_1_82' title='bbox 1058 893 1215 938; x_wconf 79' lang='lat' dir='ltr'>Filium</span> <span class='ocrx_word' id='word_1_83' title='bbox 1260 895 1518 958; x_wconf 78' lang='lat' dir='ltr'>sempiterne</span> <span class='ocrx_word' id='word_1_84' title='bbox 1551 906 1700 941; x_wconf 86' lang='lat' dir='ltr'>natum</span> <span class='ocrx_word' id='word_1_85' title='bbox 1737 912 1821 941; x_wconf 87' lang='lat' dir='ltr'>esse</span> 
     </span>
     <span class='ocr_line' id='line_1_11' title="bbox 440 964 1823 1032; baseline -0.005 -14"><span class='ocrx_word' id='word_1_86' title='bbox 440 971 699 1032; x_wconf 78' lang='lat' dir='ltr'>cogitemus,</span> <span class='ocrx_word' id='word_1_87' title='bbox 726 966 761 1012; x_wconf 90' lang='lat' dir='ltr'>si</span> <span class='ocrx_word' id='word_1_88' title='bbox 787 965 1002 1019; x_wconf 85' lang='lat' dir='ltr'>valemus;</span> <span class='ocrx_word' id='word_1_89' title='bbox 1038 965 1073 1010; x_wconf 91' lang='lat' dir='ltr'>si</span> <span class='ocrx_word' id='word_1_90' title='bbox 1106 982 1194 1010; x_wconf 89' lang='lat' dir='ltr'>non</span> <span class='ocrx_word' id='word_1_91' title='bbox 1218 964 1433 1022; x_wconf 77' lang='lat' dir='ltr'>valemus,</span> <span class='ocrx_word' id='word_1_92' title='bbox 1454 966 1693 1013; x_wconf 79' lang='lat' dir='ltr'>credamus.</span> <span class='ocrx_word' id='word_1_93' title='bbox 1725 967 1823 1012; x_wconf 87' lang='lat' dir='ltr'>Non</span> 
     </span>
     <span class='ocr_line' id='line_1_12' title="bbox 440 1035 1823 1106; baseline -0.006 -16"><span class='ocrx_word' id='word_1_94' title='bbox 440 1053 503 1090; x_wconf 89' lang='lat' dir='ltr'>est</span> <span class='ocrx_word' id='word_1_95' title='bbox 522 1039 641 1106; x_wconf 87' lang='lat' dir='ltr'>quod</span> <span class='ocrx_word' id='word_1_96' title='bbox 665 1039 741 1084; x_wconf 85' lang='lat' dir='ltr'>hic</span> <span class='ocrx_word' id='word_1_97' title='bbox 762 1037 904 1083; x_wconf 86' lang='lat' dir='ltr'>dicere</span> <span class='ocrx_word' id='word_1_98' title='bbox 928 1036 1147 1082; x_wconf 85' lang='lat' dir='ltr'>valeamus</span> <span class='ocrx_word' id='word_1_99' title='bbox 1163 1073 1173 1092; x_wconf 76' lang='lat'><strong><em>‚</em></strong></span> <span class='ocrx_word' id='word_1_100' title='bbox 1195 1035 1269 1080; x_wconf 90' lang='lat' dir='ltr'>sed</span> <span class='ocrx_word' id='word_1_101' title='bbox 1294 1047 1435 1082; x_wconf 83' lang='lat' dir='ltr'>tamen</span> <span class='ocrx_word' id='word_1_102' title='bbox 1456 1055 1542 1083; x_wconf 88' lang='lat' dir='ltr'>non</span> <span class='ocrx_word' id='word_1_103' title='bbox 1560 1037 1686 1097; x_wconf 87' lang='lat' dir='ltr'>longe</span> <span class='ocrx_word' id='word_1_104' title='bbox 1701 1037 1823 1101; x_wconf 84' lang='lat' dir='ltr'>posi—</span> 
     </span>
     <span class='ocr_line' id='line_1_13' title="bbox 440 1108 1820 1172; baseline -0.005 -11"><span class='ocrx_word' id='word_1_105' title='bbox 440 1126 536 1161; x_wconf 89' lang='lat' dir='ltr'>tum</span> <span class='ocrx_word' id='word_1_106' title='bbox 561 1122 625 1158; x_wconf 89' lang='lat' dir='ltr'>est</span> <span class='ocrx_word' id='word_1_107' title='bbox 651 1110 707 1156; x_wconf 81' lang='lat' dir='ltr'>ab</span> <span class='ocrx_word' id='word_1_108' title='bbox 729 1125 993 1172; x_wconf 87' lang='lat' dir='ltr'>unoquoque</span> <span class='ocrx_word' id='word_1_109' title='bbox 1014 1118 1209 1153; x_wconf 83' lang='lat' dir='ltr'>nostrum</span> <span class='ocrx_word' id='word_1_110' title='bbox 1234 1125 1244 1152; x_wconf 91' lang='lat'><strong>:</strong></span> <span class='ocrx_word' id='word_1_111' title='bbox 1269 1130 1287 1148; x_wconf 73' lang='grc' dir='ltr'><em>α</em></span> <span class='ocrx_word' id='word_1_112' title='bbox 1308 1109 1360 1153; x_wconf 89' lang='lat' dir='ltr'>ln</span> <span class='ocrx_word' id='word_1_113' title='bbox 1384 1108 1457 1154; x_wconf 88' lang='lat' dir='ltr'>illo</span> <span class='ocrx_word' id='word_1_114' title='bbox 1476 1109 1590 1154; x_wconf 89' lang='lat' dir='ltr'>enim</span> <span class='ocrx_word' id='word_1_115' title='bbox 1611 1109 1820 1166; x_wconf 86' lang='lat' dir='ltr'>vivimus,</span> 
     </span>
     <span class='ocr_line' id='line_1_14' title="bbox 443 1178 1824 1238; baseline -0.004 -9"><span class='ocrx_word' id='word_1_116' title='bbox 443 1208 464 1229; x_wconf 87' lang='lat'>»</span> <span class='ocrx_word' id='word_1_117' title='bbox 483 1195 526 1231; x_wconf 90' lang='lat' dir='ltr'>et</span> <span class='ocrx_word' id='word_1_118' title='bbox 541 1198 767 1230; x_wconf 83' lang='lat' dir='ltr'>movemur</span> <span class='ocrx_word' id='word_1_119' title='bbox 783 1219 794 1238; x_wconf 80' lang='grc'><em>,</em></span> <span class='ocrx_word' id='word_1_120' title='bbox 816 1191 858 1226; x_wconf 90' lang='lat' dir='ltr'>et</span> <span class='ocrx_word' id='word_1_121' title='bbox 874 1178 1063 1226; x_wconf 70' lang='lat' dir='ltr'>sumus1.</span> <span class='ocrx_word' id='word_1_122' title='bbox 1089 1201 1108 1220; x_wconf 75' lang='lat'>&gt;2</span> <span class='ocrx_word' id='word_1_123' title='bbox 1133 1179 1406 1224; x_wconf 67' lang='lat' dir='ltr'>&#39;l‘ranscenda</span> <span class='ocrx_word' id='word_1_124' title='bbox 1417 1197 1509 1225; x_wconf 88' lang='lat' dir='ltr'>mus</span> <span class='ocrx_word' id='word_1_125' title='bbox 1527 1198 1700 1226; x_wconf 83' lang='lat' dir='ltr'>carnem</span> <span class='ocrx_word' id='word_1_126' title='bbox 1721 1197 1824 1225; x_wconf 91' lang='lat' dir='ltr'>nos-</span> 
     </span>
     <span class='ocr_line' id='line_1_15' title="bbox 442 1250 1825 1317; baseline -0.007 -13"><span class='ocrx_word' id='word_1_127' title='bbox 442 1269 578 1313; x_wconf 83' lang='lat' dir='ltr'>tram,</span> <span class='ocrx_word' id='word_1_128' title='bbox 610 1254 657 1300; x_wconf 89' lang='lat' dir='ltr'>in</span> <span class='ocrx_word' id='word_1_129' title='bbox 688 1270 774 1317; x_wconf 86' lang='lat' dir='ltr'>qua</span> <span class='ocrx_word' id='word_1_130' title='bbox 805 1262 1007 1316; x_wconf 83' lang='lat' dir='ltr'>parentes</span> <span class='ocrx_word' id='word_1_131' title='bbox 1030 1261 1128 1297; x_wconf 89' lang='lat' dir='ltr'>ante</span> <span class='ocrx_word' id='word_1_132' title='bbox 1153 1250 1263 1296; x_wconf 89' lang='lat' dir='ltr'>filios</span> <span class='ocrx_word' id='word_1_133' title='bbox 1290 1251 1445 1296; x_wconf 78' lang='lat' dir='ltr'>vivunt</span> <span class='ocrx_word' id='word_1_134' title='bbox 1477 1269 1487 1296; x_wconf 74' lang='grc' dir='ltr'>ε</span> <span class='ocrx_word' id='word_1_135' title='bbox 1516 1251 1618 1315; x_wconf 89' lang='lat' dir='ltr'>quia</span> <span class='ocrx_word' id='word_1_136' title='bbox 1645 1262 1693 1296; x_wconf 90' lang='lat' dir='ltr'>ut</span> <span class='ocrx_word' id='word_1_137' title='bbox 1716 1250 1825 1296; x_wconf 87' lang='lat' dir='ltr'>filios</span> 
     </span>
     <span class='ocr_line' id='line_1_16' title="bbox 441 1322 1825 1393; baseline -0.005 -19"><span class='ocrx_word' id='word_1_138' title='bbox 441 1336 618 1393; x_wconf 84' lang='lat' dir='ltr'>possent</span> <span class='ocrx_word' id='word_1_139' title='bbox 640 1341 842 1386; x_wconf 83' lang='lat' dir='ltr'>generare</span> <span class='ocrx_word' id='word_1_140' title='bbox 865 1333 1093 1369; x_wconf 63' lang='lat' dir='ltr'>creverunt</span> <span class='ocrx_word' id='word_1_141' title='bbox 1109 1360 1118 1375; x_wconf 73' lang='grc'>,</span> <span class='ocrx_word' id='word_1_142' title='bbox 1140 1333 1183 1367; x_wconf 89' lang='lat' dir='ltr'>et</span> <span class='ocrx_word' id='word_1_143' title='bbox 1213 1322 1312 1367; x_wconf 85' lang='lat' dir='ltr'>filiis</span> <span class='ocrx_word' id='word_1_144' title='bbox 1340 1323 1631 1368; x_wconf 83' lang='lat' dir='ltr'>crescentibus</span> <span class='ocrx_word' id='word_1_145' title='bbox 1647 1325 1737 1381; x_wconf 83' lang='lat' dir='ltr'>jam</span> <span class='ocrx_word' id='word_1_146' title='bbox 1756 1339 1825 1367; x_wconf 87' lang='lat' dir='ltr'>se-</span> 
     </span>
     <span class='ocr_line' id='line_1_17' title="bbox 443 1392 1825 1455; baseline -0.006 -10"><span class='ocrx_word' id='word_1_147' title='bbox 443 1408 639 1445; x_wconf 89' lang='lat' dir='ltr'>nescunt.</span> <span class='ocrx_word' id='word_1_148' title='bbox 673 1394 879 1441; x_wconf 89' lang='lat' dir='ltr'>Nondum</span> <span class='ocrx_word' id='word_1_149' title='bbox 905 1394 1015 1437; x_wconf 85' lang='lat' dir='ltr'>natis</span> <span class='ocrx_word' id='word_1_150' title='bbox 1049 1394 1150 1437; x_wconf 81' lang='lat' dir='ltr'>siliis</span> <span class='ocrx_word' id='word_1_151' title='bbox 1176 1404 1374 1454; x_wconf 81' lang='lat' dir='ltr'>parentes</span> <span class='ocrx_word' id='word_1_152' title='bbox 1405 1393 1625 1447; x_wconf 74' lang='lat' dir='ltr'>vixerunt,</span> <span class='ocrx_word' id='word_1_153' title='bbox 1654 1392 1756 1455; x_wconf 85' lang='lat' dir='ltr'>quia</span> <span class='ocrx_word' id='word_1_154' title='bbox 1784 1403 1825 1437; x_wconf 92' lang='lat' dir='ltr'>et</span> 
     </span>
     <span class='ocr_line' id='line_1_18' title="bbox 442 1462 1826 1534; baseline -0.006 -19"><span class='ocrx_word' id='word_1_155' title='bbox 442 1466 699 1534; x_wconf 84' lang='lat' dir='ltr'>parentibus</span> <span class='ocrx_word' id='word_1_156' title='bbox 722 1462 903 1509; x_wconf 84' lang='lat' dir='ltr'>mortuis</span> <span class='ocrx_word' id='word_1_157' title='bbox 941 1462 1020 1507; x_wconf 85' lang='lat' dir='ltr'>filii</span> <span class='ocrx_word' id='word_1_158' title='bbox 1044 1462 1202 1508; x_wconf 78' lang='lat' dir='ltr'>victuri</span> <span class='ocrx_word' id='word_1_159' title='bbox 1235 1473 1348 1508; x_wconf 88' lang='lat' dir='ltr'>sunt.</span> <span class='ocrx_word' id='word_1_160' title='bbox 1381 1462 1754 1507; x_wconf 64' lang='lat' dir='ltr'>&#39;transcendamus</span> <span class='ocrx_word' id='word_1_161' title='bbox 1785 1473 1826 1507; x_wconf 89' lang='lat' dir='ltr'>et</span> 
     </span>
     <span class='ocr_line' id='line_1_19' title="bbox 444 1532 1826 1597; baseline -0.005 -11"><span class='ocrx_word' id='word_1_162' title='bbox 444 1539 609 1587; x_wconf 81' lang='lat' dir='ltr'>animas</span> <span class='ocrx_word' id='word_1_163' title='bbox 634 1546 800 1582; x_wconf 82' lang='lat' dir='ltr'>nostras</span> <span class='ocrx_word' id='word_1_164' title='bbox 824 1551 836 1578; x_wconf 74' lang='grc' dir='ltr'>ι</span> <span class='ocrx_word' id='word_1_165' title='bbox 861 1533 1041 1597; x_wconf 87' lang='lat' dir='ltr'>pariunt</span> <span class='ocrx_word' id='word_1_166' title='bbox 1059 1544 1100 1578; x_wconf 87' lang='lat' dir='ltr'>et</span> <span class='ocrx_word' id='word_1_167' title='bbox 1118 1533 1224 1596; x_wconf 60' lang='lat' dir='ltr'>ipsae</span> <span class='ocrx_word' id='word_1_168' title='bbox 1244 1532 1410 1596; x_wconf 85' lang='lat' dir='ltr'>aliquid</span> <span class='ocrx_word' id='word_1_169' title='bbox 1429 1532 1680 1593; x_wconf 70' lang='lat' dir='ltr'>cogitando,</span> <span class='ocrx_word' id='word_1_170' title='bbox 1707 1533 1826 1597; x_wconf 88' lang='lat' dir='ltr'>quod</span> 
     </span>
     <span class='ocr_line' id='line_1_20' title="bbox 444 1603 1823 1667; baseline -0.005 -11"><span class='ocrx_word' id='word_1_171' title='bbox 444 1626 590 1657; x_wconf 89' lang='lat' dir='ltr'>secum</span> <span class='ocrx_word' id='word_1_172' title='bbox 606 1606 774 1653; x_wconf 84' lang='lat' dir='ltr'>habent</span> <span class='ocrx_word' id='word_1_173' title='bbox 790 1603 984 1658; x_wconf 87' lang='lat' dir='ltr'>sciendo;</span> <span class='ocrx_word' id='word_1_174' title='bbox 1003 1603 1077 1649; x_wconf 84' lang='lat' dir='ltr'>sed</span> <span class='ocrx_word' id='word_1_175' title='bbox 1095 1614 1278 1667; x_wconf 81' lang='lat' dir='ltr'>possunt</span> <span class='ocrx_word' id='word_1_176' title='bbox 1293 1604 1489 1649; x_wconf 85' lang='lat' dir='ltr'>amittere</span> <span class='ocrx_word' id='word_1_177' title='bbox 1507 1603 1823 1661; x_wconf 68' lang='lat' dir='ltr'>obliviscendo,</span> 
     </span>
     <span class='ocr_line' id='line_1_21' title="bbox 445 1674 1822 1746; baseline -0.006 -18"><span class='ocrx_word' id='word_1_178' title='bbox 445 1681 547 1746; x_wconf 87' lang='lat' dir='ltr'>quia</span> <span class='ocrx_word' id='word_1_179' title='bbox 569 1697 656 1726; x_wconf 90' lang='lat' dir='ltr'>non</span> <span class='ocrx_word' id='word_1_180' title='bbox 686 1676 915 1723; x_wconf 80' lang='lat' dir='ltr'>habebant</span> <span class='ocrx_word' id='word_1_181' title='bbox 942 1686 1040 1721; x_wconf 87' lang='lat' dir='ltr'>ante</span> <span class='ocrx_word' id='word_1_182' title='bbox 1071 1674 1302 1722; x_wconf 87' lang='lat' dir='ltr'>nascendo.</span> <span class='ocrx_word' id='word_1_183' title='bbox 1345 1681 1517 1721; x_wconf 75' lang='lat' dir='ltr'>Cuncta</span> <span class='ocrx_word' id='word_1_184' title='bbox 1554 1674 1822 1739; x_wconf 84' lang='lat' dir='ltr'>corporalia,</span> 
     </span>
     <span class='ocr_line' id='line_1_22' title="bbox 446 1746 1827 1816; baseline -0.006 -17"><span class='ocrx_word' id='word_1_185' title='bbox 446 1749 728 1816; x_wconf 85' lang='lat' dir='ltr'>temporalia,</span> <span class='ocrx_word' id='word_1_186' title='bbox 751 1746 983 1794; x_wconf 79' lang='lat' dir='ltr'>mutabilia</span> <span class='ocrx_word' id='word_1_187' title='bbox 1010 1746 1365 1792; x_wconf 74' lang='lat' dir='ltr'>transcendamus</span> <span class='ocrx_word' id='word_1_188' title='bbox 1391 1766 1401 1793; x_wconf 73' lang='grc' dir='ltr'>ι</span> <span class='ocrx_word' id='word_1_189' title='bbox 1436 1757 1485 1792; x_wconf 89' lang='lat' dir='ltr'>ut</span> <span class='ocrx_word' id='word_1_190' title='bbox 1506 1746 1728 1792; x_wconf 84' lang='lat' dir='ltr'>videamus</span> <span class='ocrx_word' id='word_1_191' title='bbox 1750 1763 1827 1792; x_wconf 91' lang='lat' dir='ltr'>su-</span> 
     </span>
     <span class='ocr_line' id='line_1_23' title="bbox 445 1817 1827 1888; baseline -0.005 -19"><span class='ocrx_word' id='word_1_192' title='bbox 445 1840 524 1888; x_wconf 88' lang='lat' dir='ltr'>per</span> <span class='ocrx_word' id='word_1_193' title='bbox 543 1820 687 1868; x_wconf 83' lang='lat' dir='ltr'>omnia</span> <span class='ocrx_word' id='word_1_194' title='bbox 706 1856 717 1875; x_wconf 87' lang='lat'><strong>‚</strong></span> <span class='ocrx_word' id='word_1_195' title='bbox 741 1836 819 1883; x_wconf 83' lang='lat' dir='ltr'>per</span> <span class='ocrx_word' id='word_1_196' title='bbox 835 1835 964 1881; x_wconf 87' lang='lat' dir='ltr'>quem</span> <span class='ocrx_word' id='word_1_197' title='bbox 998 1817 1112 1863; x_wconf 80' lang='lat' dir='ltr'>faeta</span> <span class='ocrx_word' id='word_1_198' title='bbox 1137 1828 1237 1862; x_wconf 89' lang='lat' dir='ltr'>sunt</span> <span class='ocrx_word' id='word_1_199' title='bbox 1261 1817 1419 1864; x_wconf 85' lang='lat' dir='ltr'>omnia.</span> <span class='ocrx_word' id='word_1_200' title='bbox 1451 1818 1661 1863; x_wconf 85' lang='lat' dir='ltr'>Ascensus</span> <span class='ocrx_word' id='word_1_201' title='bbox 1684 1827 1827 1863; x_wconf 87' lang='lat' dir='ltr'>noster</span> 
     </span>
     <span class='ocr_line' id='line_1_24' title="bbox 445 1887 1819 1952; baseline -0.004 -12"><span class='ocrx_word' id='word_1_202' title='bbox 445 1894 492 1940; x_wconf 88' lang='lat' dir='ltr'>in</span> <span class='ocrx_word' id='word_1_203' title='bbox 513 1891 644 1939; x_wconf 87' lang='lat' dir='ltr'>corde</span> <span class='ocrx_word' id='word_1_204' title='bbox 664 1900 726 1935; x_wconf 88' lang='lat' dir='ltr'>est</span> <span class='ocrx_word' id='word_1_205' title='bbox 747 1906 757 1934; x_wconf 74' lang='lat' dir='ltr'><strong><em>z</em></strong></span> <span class='ocrx_word' id='word_1_206' title='bbox 781 1889 883 1952; x_wconf 86' lang='lat' dir='ltr'>quia</span> <span class='ocrx_word' id='word_1_207' title='bbox 912 1899 954 1933; x_wconf 82' lang='lat' dir='ltr'>et</span> <span class='ocrx_word' id='word_1_208' title='bbox 971 1888 1041 1933; x_wconf 87' lang='lat' dir='ltr'>ille</span> <span class='ocrx_word' id='word_1_209' title='bbox 1060 1887 1113 1933; x_wconf 78' lang='lat' dir='ltr'>ad</span> <span class='ocrx_word' id='word_1_210' title='bbox 1139 1905 1267 1951; x_wconf 85' lang='lat' dir='ltr'>quem</span> <span class='ocrx_word' id='word_1_211' title='bbox 1293 1887 1563 1933; x_wconf 77' lang='lat' dir='ltr'>ascendimus</span> <span class='ocrx_word' id='word_1_212' title='bbox 1586 1905 1724 1951; x_wconf 78' lang='lat' dir='ltr'>prope</span> <span class='ocrx_word' id='word_1_213' title='bbox 1744 1898 1819 1935; x_wconf 87' lang='lat' dir='ltr'>cst.</span> 
     </span>
     <span class='ocr_line' id='line_1_25' title="bbox 445 1958 1826 2023; baseline -0.006 -12"><span class='ocrx_word' id='word_1_214' title='bbox 445 1965 594 2023; x_wconf 82' lang='lat' dir='ltr'>Longe</span> <span class='ocrx_word' id='word_1_215' title='bbox 618 1969 761 2007; x_wconf 88' lang='lat' dir='ltr'>autem</span> <span class='ocrx_word' id='word_1_216' title='bbox 794 1958 851 2003; x_wconf 87' lang='lat' dir='ltr'>ab</span> <span class='ocrx_word' id='word_1_217' title='bbox 875 1959 948 2003; x_wconf 87' lang='lat' dir='ltr'>illo</span> <span class='ocrx_word' id='word_1_218' title='bbox 980 1975 1149 2014; x_wconf 77' lang='lat' dir='ltr'>sumus,</span> <span class='ocrx_word' id='word_1_219' title='bbox 1187 1960 1233 2003; x_wconf 90' lang='lat' dir='ltr'>in</span> <span class='ocrx_word' id='word_1_220' title='bbox 1259 1970 1474 2021; x_wconf 84' lang='lat' dir='ltr'>quantum</span> <span class='ocrx_word' id='word_1_221' title='bbox 1500 1958 1727 2004; x_wconf 84' lang='lat' dir='ltr'>dissimiles</span> <span class='ocrx_word' id='word_1_222' title='bbox 1751 1975 1826 2004; x_wconf 91' lang='lat' dir='ltr'>su-</span> 
     </span>
     <span class='ocr_line' id='line_1_26' title="bbox 448 2028 1828 2091; baseline -0.006 -10"><span class='ocrx_word' id='word_1_223' title='bbox 448 2050 560 2081; x_wconf 88' lang='lat' dir='ltr'>mus.</span> <span class='ocrx_word' id='word_1_224' title='bbox 594 2029 800 2078; x_wconf 85' lang='lat' dir='ltr'>Ascendit</span> <span class='ocrx_word' id='word_1_225' title='bbox 816 2046 916 2088; x_wconf 89' lang='lat' dir='ltr'>ergo</span> <span class='ocrx_word' id='word_1_226' title='bbox 937 2028 991 2074; x_wconf 85' lang='lat' dir='ltr'>ad</span> <span class='ocrx_word' id='word_1_227' title='bbox 1012 2046 1109 2073; x_wconf 90' lang='lat' dir='ltr'>eum</span> <span class='ocrx_word' id='word_1_228' title='bbox 1135 2046 1209 2074; x_wconf 86' lang='lat' dir='ltr'>sua</span> <span class='ocrx_word' id='word_1_229' title='bbox 1234 2028 1472 2073; x_wconf 84' lang='lat' dir='ltr'>similitudo</span> <span class='ocrx_word' id='word_1_230' title='bbox 1491 2065 1502 2085; x_wconf 83' lang='lat'><strong><em>‚</em></strong></span> <span class='ocrx_word' id='word_1_231' title='bbox 1530 2045 1660 2091; x_wconf 83' lang='lat' dir='ltr'>quam</span> <span class='ocrx_word' id='word_1_232' title='bbox 1679 2029 1724 2073; x_wconf 89' lang='lat' dir='ltr'>in</span> <span class='ocrx_word' id='word_1_233' title='bbox 1744 2046 1828 2073; x_wconf 89' lang='lat' dir='ltr'>no-</span> 
     </span>
     <span class='ocr_line' id='line_1_27' title="bbox 448 2098 1823 2162; baseline -0.006 -11"><span class='ocrx_word' id='word_1_234' title='bbox 448 2104 517 2151; x_wconf 85' lang='lat' dir='ltr'>bis</span> <span class='ocrx_word' id='word_1_235' title='bbox 538 2103 642 2150; x_wconf 86' lang='lat' dir='ltr'>fecit</span> <span class='ocrx_word' id='word_1_236' title='bbox 670 2112 713 2146; x_wconf 89' lang='lat' dir='ltr'>et</span> <span class='ocrx_word' id='word_1_237' title='bbox 747 2099 923 2155; x_wconf 79' lang='lat' dir='ltr'>refecit,</span> <span class='ocrx_word' id='word_1_238' title='bbox 960 2116 1046 2162; x_wconf 82' lang='lat' dir='ltr'>qua</span> <span class='ocrx_word' id='word_1_239' title='bbox 1071 2099 1265 2144; x_wconf 89' lang='lat' dir='ltr'>nondum</span> <span class='ocrx_word' id='word_1_240' title='bbox 1291 2098 1482 2162; x_wconf 71' lang='lat' dir='ltr'>perfecta</span> <span class='ocrx_word' id='word_1_241' title='bbox 1500 2136 1511 2145; x_wconf 81' lang='grc'><strong>.</strong></span> <span class='ocrx_word' id='word_1_242' title='bbox 1536 2098 1725 2162; x_wconf 84' lang='lat' dir='ltr'>palpitat</span> <span class='ocrx_word' id='word_1_243' title='bbox 1753 2098 1823 2143; x_wconf 87' lang='lat' dir='ltr'>in-</span> 
     </span>
     <span class='ocr_line' id='line_1_28' title="bbox 447 2169 1827 2236; baseline -0.007 -14"><span class='ocrx_word' id='word_1_244' title='bbox 447 2176 600 2222; x_wconf 85' lang='lat' dir='ltr'>firmus</span> <span class='ocrx_word' id='word_1_245' title='bbox 615 2181 828 2236; x_wconf 57' lang='lat' dir='ltr'>aspectu&amp;</span> <span class='ocrx_word' id='word_1_246' title='bbox 846 2181 888 2215; x_wconf 87' lang='lat' dir='ltr'>et</span> <span class='ocrx_word' id='word_1_247' title='bbox 902 2170 1164 2215; x_wconf 80' lang='lat' dir='ltr'>ineffabilem</span> <span class='ocrx_word' id='word_1_248' title='bbox 1179 2170 1408 2215; x_wconf 81' lang='lat' dir='ltr'>candorem</span> <span class='ocrx_word' id='word_1_249' title='bbox 1427 2169 1535 2214; x_wconf 84' lang='lat' dir='ltr'>lucis</span> <span class='ocrx_word' id='word_1_250' title='bbox 1550 2180 1726 2214; x_wconf 77' lang='lat' dir='ltr'>aeternae</span> <span class='ocrx_word' id='word_1_251' title='bbox 1740 2186 1827 2213; x_wconf 88' lang='lat' dir='ltr'>non</span> 
     </span>
     <span class='ocr_line' id='line_1_29' title="bbox 448 2238 1825 2310; baseline -0.007 -18"><span class='ocrx_word' id='word_1_252' title='bbox 448 2255 590 2310; x_wconf 87' lang='lat' dir='ltr'>potest</span> <span class='ocrx_word' id='word_1_253' title='bbox 605 2242 778 2289; x_wconf 84' lang='lat' dir='ltr'>intueri.</span> <span class='ocrx_word' id='word_1_254' title='bbox 805 2244 942 2301; x_wconf 65' lang='lat' dir='ltr'>(jujus</span> <span class='ocrx_word' id='word_1_255' title='bbox 964 2258 1063 2300; x_wconf 88' lang='lat' dir='ltr'>ergo</span> <span class='ocrx_word' id='word_1_256' title='bbox 1087 2241 1295 2300; x_wconf 80' lang='lat' dir='ltr'>fulgorem</span> <span class='ocrx_word' id='word_1_257' title='bbox 1319 2240 1474 2285; x_wconf 84' lang='lat' dir='ltr'>mentis</span> <span class='ocrx_word' id='word_1_258' title='bbox 1498 2239 1607 2284; x_wconf 86' lang='lat' dir='ltr'>acies</span> <span class='ocrx_word' id='word_1_259' title='bbox 1629 2238 1825 2284; x_wconf 90' lang='lat' dir='ltr'>nondum</span> 
     </span>
     <span class='ocr_line' id='line_1_30' title="bbox 448 2309 1827 2380; baseline -0.006 -17"><span class='ocrx_word' id='word_1_260' title='bbox 448 2315 569 2380; x_wconf 84' lang='lat' dir='ltr'>capit</span> <span class='ocrx_word' id='word_1_261' title='bbox 589 2333 599 2360; x_wconf 89' lang='lat'>:</span> <span class='ocrx_word' id='word_1_262' title='bbox 626 2335 646 2355; x_wconf 86' lang='lat'>«</span> <span class='ocrx_word' id='word_1_263' title='bbox 665 2313 995 2358; x_wconf 85' lang='lat' dir='ltr'>Generationem</span> <span class='ocrx_word' id='word_1_264' title='bbox 1011 2315 1102 2370; x_wconf 88' lang='lat' dir='ltr'>ejus</span> <span class='ocrx_word' id='word_1_265' title='bbox 1124 2311 1219 2373; x_wconf 84' lang='lat' dir='ltr'>quis</span> <span class='ocrx_word' id='word_1_266' title='bbox 1241 2309 1516 2355; x_wconf 55' lang='lat' dir='ltr'>enarrabis-&#39;P</span> <span class='ocrx_word' id='word_1_267' title='bbox 1540 2332 1560 2351; x_wconf 60' lang='lat'>&gt;³</span> <span class='ocrx_word' id='word_1_268' title='bbox 1577 2309 1663 2355; x_wconf 84' lang='lat' dir='ltr'>Sed</span> <span class='ocrx_word' id='word_1_269' title='bbox 1683 2331 1703 2351; x_wconf 72' lang='lat' dir='ltr'>c&lt;</span> <span class='ocrx_word' id='word_1_270' title='bbox 1723 2309 1827 2355; x_wconf 88' lang='lat' dir='ltr'>Ver·</span> 
     </span>
     <span class='ocr_line' id='line_1_31' title="bbox 450 2380 1624 2438; baseline -0.009 -6"><span class='ocrx_word' id='word_1_271' title='bbox 450 2410 472 2432; x_wconf 66' lang='grc' dir='ltr'>υ</span> <span class='ocrx_word' id='word_1_272' title='bbox 488 2388 598 2433; x_wconf 89' lang='lat' dir='ltr'>bum</span> <span class='ocrx_word' id='word_1_273' title='bbox 619 2401 720 2431; x_wconf 82' lang='lat' dir='ltr'>caro</span> <span class='ocrx_word' id='word_1_274' title='bbox 739 2383 903 2428; x_wconf 83' lang='lat' dir='ltr'>factum</span> <span class='ocrx_word' id='word_1_275' title='bbox 926 2393 987 2427; x_wconf 87' lang='lat' dir='ltr'>est</span> <span class='ocrx_word' id='word_1_276' title='bbox 1005 2420 1015 2438; x_wconf 79' lang='lat'><strong>‚</strong></span> <span class='ocrx_word' id='word_1_277' title='bbox 1047 2392 1087 2426; x_wconf 84' lang='lat' dir='ltr'>et</span> <span class='ocrx_word' id='word_1_278' title='bbox 1104 2381 1321 2427; x_wconf 67' lang='lat' dir='ltr'>habitavit</span> <span class='ocrx_word' id='word_1_279' title='bbox 1338 2382 1381 2426; x_wconf 87' lang='lat' dir='ltr'>in</span> <span class='ocrx_word' id='word_1_280' title='bbox 1406 2380 1576 2428; x_wconf 72' lang='lat' dir='ltr'>nobis3.</span> <span class='ocrx_word' id='word_1_281' title='bbox 1604 2402 1624 2422; x_wconf 85' lang='lat'>»</span> 
     </span>
    </p>

    <p class='ocr_par' dir='ltr' id='par_1_3' title="bbox 452 2450 1827 2588">
     <span class='ocr_line' id='line_1_32' title="bbox 515 2450 1827 2514; baseline -0.006 -11"><span class='ocrx_word' id='word_1_282' title='bbox 515 2458 599 2504; x_wconf 83' lang='grc' dir='ltr'><strong>ΙΙΙ.</strong></span> <span class='ocrx_word' id='word_1_283' title='bbox 642 2456 768 2501; x_wconf 83' lang='lat' dir='ltr'>Hanc</span> <span class='ocrx_word' id='word_1_284' title='bbox 793 2471 892 2514; x_wconf 86' lang='lat' dir='ltr'>ergo</span> <span class='ocrx_word' id='word_1_285' title='bbox 916 2453 1251 2513; x_wconf 72' lang='lat' dir='ltr'>generationem„</span> <span class='ocrx_word' id='word_1_286' title='bbox 1278 2456 1403 2511; x_wconf 87' lang='lat' dir='ltr'>cujus</span> <span class='ocrx_word' id='word_1_287' title='bbox 1427 2450 1688 2496; x_wconf 86' lang='lat' dir='ltr'>hodiernum</span> <span class='ocrx_word' id='word_1_288' title='bbox 1713 2450 1827 2496; x_wconf 84' lang='lat' dir='ltr'>cele-</span> 
     </span>
     <span class='ocr_line' id='line_1_33' title="bbox 452 2520 1824 2588; baseline -0.008 -11"><span class='ocrx_word' id='word_1_289' title='bbox 452 2529 632 2577; x_wconf 82' lang='lat' dir='ltr'>bramus</span> <span class='ocrx_word' id='word_1_290' title='bbox 648 2524 783 2582; x_wconf 80' lang='lat' dir='ltr'>diem,</span> <span class='ocrx_word' id='word_1_291' title='bbox 799 2524 916 2570; x_wconf 86' lang='lat' dir='ltr'>hanc</span> <span class='ocrx_word' id='word_1_292' title='bbox 932 2524 978 2569; x_wconf 88' lang='lat' dir='ltr'>in</span> <span class='ocrx_word' id='word_1_293' title='bbox 998 2541 1084 2588; x_wconf 85' lang='lat' dir='ltr'>qua</span> <span class='ocrx_word' id='word_1_294' title='bbox 1107 2523 1309 2584; x_wconf 86' lang='lat' dir='ltr'>dignatus</span> <span class='ocrx_word' id='word_1_295' title='bbox 1328 2534 1391 2569; x_wconf 85' lang='lat' dir='ltr'>est</span> <span class='ocrx_word' id='word_1_296' title='bbox 1409 2523 1553 2570; x_wconf 85' lang='lat' dir='ltr'>venire</span> <span class='ocrx_word' id='word_1_297' title='bbox 1574 2540 1653 2586; x_wconf 87' lang='lat' dir='ltr'>per</span> <span class='ocrx_word' id='word_1_298' title='bbox 1671 2520 1824 2577; x_wconf 65' lang='lat' dir='ltr'>Israel,</span> 
     </span>
    </p>
   </div>
   <div class='ocr_carea' id='block_1_3' title="bbox 501 2610 1391 2656">
    <p class='ocr_par' dir='ltr' id='par_1_4' title="bbox 501 2610 1391 2656">
     <span class='ocr_line' id='line_1_34' title="bbox 501 2610 1391 2656; baseline -0.011 -5"><span class='ocrx_word' id='word_1_299' title='bbox 501 2618 514 2642; x_wconf 82' lang='lat'>¹</span> <span class='ocrx_word' id='word_1_300' title='bbox 533 2620 603 2651; x_wconf 71' lang='lat' dir='ltr'>Act.</span> <span class='ocrx_word' id='word_1_301' title='bbox 621 2626 699 2656; x_wconf 81' lang='lat' dir='ltr'>xvn,</span> <span class='ocrx_word' id='word_1_302' title='bbox 718 2615 830 2647; x_wconf 86' lang='lat'><strong>28.—</strong></span> <span class='ocrx_word' id='word_1_303' title='bbox 843 2612 859 2636; x_wconf 75' lang='lat'>²</span> <span class='ocrx_word' id='word_1_304' title='bbox 872 2614 943 2647; x_wconf 80' lang='lat' dir='ltr'>Isai&#39;.</span> <span class='ocrx_word' id='word_1_305' title='bbox 958 2625 1031 2656; x_wconf 71' lang='lat' dir='ltr'>Lm,</span> <span class='ocrx_word' id='word_1_306' title='bbox 1054 2614 1084 2647; x_wconf 88' lang='lat'>8.</span> <span class='ocrx_word' id='word_1_307' title='bbox 1102 2610 1318 2651; x_wconf 79' lang='lat' dir='ltr'>-3Joan.1‚</span> <span class='ocrx_word' id='word_1_308' title='bbox 1337 2619 1391 2649; x_wconf 74' lang='lat'>14,</span> 
     </span>
    </p>
   </div>
  </div>
 </body>
</html>
