1899 3241
270 322 412 354 smmo
447 321 674 364 commi-N
707 322 866 356 NATALI
890 325 935 356 ·s.
978 325 1230 361 munaum.
1371 318 1430 380 73

77 475 195 490 mm
436 474 1422 494 mmmmmwswbmmmummfflum

507 598 710 646 SERMO
748 600 927 646 CCCIV
943 600 975 648 1.

246 736 303 777 In
320 731 613 777 solemnitate
631 734 873 776 Laurentia·
895 735 1138 792 Martyris,
1165 736 1190 777 I
1194 735 1246 777 II
1247 768 1256 776 .

140 892 175 938 Ι.
211 891 347 938 Bam
368 893 588 938 Laurentii
617 891 925 956 triumphalem
959 891 1073 938 diem
1091 930 1102 949 ‚
1139 909 1226 956 quo
1250 891 1434 939 calcavit

73 962 289 1007 mundum
317 962 565 1008 frementem
590 964 749 1027 sprevit
775 963 1071 1009 blandientem
1088 1001 1099 1020 ,
1124 974 1165 1008 et
1187 963 1231 1008 in
1256 974 1438 1026 utroque

9 1070 13 1098 ζ
75 1032 180 1078 vicit
199 1032 424 1078 diabolum
447 1044 771 1097 persequentem
785 1072 795 1091 ‚
813 1033 1070 1080 hodiernum
1098 1033 1224 1079 nobis
1245 1032 1437 1079 Ecclesia

10 1148 12 1150 .
75 1103 271 1148 Romana
295 1104 580 1150 commendat.
626 1105 769 1160 Quam
807 1103 988 1164 gloriosa
1020 1104 1133 1149 enim
1151 1141 1161 1159 ‚
1200 1114 1241 1148 et
1269 1114 1431 1166 quanta

12 1218 13 1239 3
75 1173 287 1220 virtutum
314 1173 617 1230 multitudine,
645 1175 765 1237 quasi
797 1175 954 1219 florum
984 1175 1210 1230 varietate,
1237 1173 1440 1219 distincta

12 1260 16 1297 ᾖς
74 1243 519 1309 LaurentiiMartyris
551 1244 604 1289 sit
621 1261 796 1300 corona,
827 1245 1021 1291 universa
1056 1245 1172 1290 testis
1193 1255 1254 1289 est
1276 1245 1430 1291 Roma.

73 1318 125 1360 In
151 1315 243 1379 ipsa
260 1316 373 1362 enim
394 1315 600 1371 Ecclesia,
621 1315 732 1360 sicut
746 1314 885 1360 soletis
907 1314 1070 1371 audire,
1093 1314 1292 1360 Diaconii
1314 1331 1435 1374 gere-

14 1403 15 1425 ÷
74 1387 151 1431 bat
169 1386 373 1433 officium.
404 1386 474 1432 lbi
495 1403 664 1432 sacrum
686 1385 850 1432 Christi
872 1385 1119 1446 sanguinem
1142 1384 1400 1430 ministravit
1422 1401 1432 1428 ε

74 1457 138 1503 ibi
150 1475 230 1522 pro
243 1458 407 1504 Christi
420 1458 592 1504 nomine
609 1475 733 1503 suum
744 1458 994 1518 sanguinem
1007 1456 1134 1502 fudit.
1164 1455 1231 1502 Ad
1248 1473 1437 1502 mensam

74 1528 260 1591 potentis
279 1528 516 1593 prudenter
538 1539 782 1574 accesserat.
814 1527 881 1574 Ad
908 1527 1022 1573 illam
1045 1543 1254 1581 mensam,
1281 1526 1334 1571 de
1350 1543 1436 1589 qua

75 1598 201 1644 nobis
225 1599 354 1645 modo
371 1599 609 1645 Salomonis
625 1599 855 1663 proverbia
871 1598 1179 1661 loquebantur,
1200 1596 1276 1641 ubi
1294 1597 1436 1660 scrip-

74 1679 163 1714 tum
189 1681 278 1715 est:
301 1691 321 1711 «
339 1669 548 1716 Sisederis
564 1686 735 1715 coenare
750 1668 804 1714 ad
826 1686 1012 1714 mensam
1033 1667 1236 1732 potentis
1255 1683 1434 1726 cognos-

19 1788 21 1798 Δ
65 1759 96 1780 -»
119 1756 217 1785 cens
239 1740 426 1800 intellige
433 1757 540 1818 ‘quae
559 1751 839 1818 apponuntur
858 1739 963 1792 tibi3
994 1750 1035 1783 et
1057 1739 1116 1783 sic
1141 1737 1317 1783 extende
1341 1754 1437 1782 ma-

75 1830 95 1851 »
117 1827 221 1856 num
233 1821 366 1867 tuam,
384 1811 518 1856 sciens
535 1811 737 1888 quoniam
752 1810 903 1855 similia
924 1820 963 1854 te
977 1819 1351 1872 oportetpraepare
1366 1808 1399 1854 ².
1419 1829 1439 1848 »

62 1881 214 1942 ¹Hujus
241 1898 380 1927 coenae
417 1882 667 1945 mysterium
700 1881 851 1926 beatus
876 1880 1092 1943 apostolus
1131 1879 1317 1924 «loannes
1345 1879 1438 1924 evi-

63 1951 223 1997 'denter
248 1952 464 2015 exposuit,
486 1952 631 1997 dicens
655 1969 665 1995 ε
689 1972 708 1991 α
730 1952 851 1996 Sicut
873 1951 1070 1996 Christus
1090 1967 1170 2013 pro
1195 1949 1320 1994 nobis
1340 1949 1435 1994 ani-

76 2039 231 2067 »mam
268 2039 387 2067 suam
420 2018 608 2084 posuit,'
632 2022 690 2066 sic
728 2032 768 2065 et
799 2037 873 2065 nos
917 2019 1124 2064 debemus
1158 2019 1320 2063 animas
1358 2036 1436 2081 pro

24 2145 25 2151 ¹
74 2092 322 2138 »fratribus
357 2109 514 2156 ponere
542 2091 573 2137 ³.
601 2114 619 2131 »
663 2090 870 2135 lntellexit
904 2090 1018 2146 hoc,
1051 2089 1226 2143 fratres,
1267 2099 1438 2134 sauctus

24 2167 25 2170 ’
73 2163 354 2210 Laurentiusl·
372 2184 383 2218 ;
399 2163 618 2213 intellexit,
640 2180 688 2207 ac
706 2162 804 2207 sevir
825 2172 889 2206 :et
908 2177 1080 2224 prorsus
1101 2160 1242 2223 qualia
1256 2160 1439 2223 sumpsit

73 2234 119 2279 in
142 2233 213 2279 illa
231 2251 388 2289 mensa,
411 2233 509 2278 talia
537 2233 813 2296 przeparavit.
840 2231 1010 2277 Amavit
1028 2231 1251 2276 Christum
1284 2230 1326 2275 in
1353 2230 1439 2276 vita

76 2321 168 2359 sua,
194 2315 384 2350 lmltatus
403 2314 464 2348 cst
481 2320 579 2348 cum
597 2320 640 2349 111
665 2313 800 2348 morte
816 2318 903 2348 sua.

141 2375 198 2421 ll.
231 2376 286 2419 Et
299 2392 375 2421 nos
390 2391 506 2434 ergo,
521 2373 686 2427 fratres,
706 2373 739 2418 si
751 2372 954 2419 veraciter
967 2387 1177 2420 amamus,
1199 2371 1427 2418 imitemur.

62 2451 65 2455 '
77 2446 174 2493 Non
191 2445 304 2492 enim
317 2445 534 2491 meliorem
546 2445 721 2491 reddere
728 2444 910 2510 poterim
918 2441 1210 2488 usdilectionis
1225 2442 1409 2487 fructum
1420 2480 1429 2492 .

127 2552 241 2584 ΙΑΙίειε
255 2552 293 2584 de
307 2552 447 2584 Diversis
463 2556 567 2594 37.—
588 2552 712 2585 ²1‘rov.
731 2563 825 2591 xxm,
850 2562 878 2581 1.
894 2568 939 2574 —
960 2547 974 2571 ³
997 2561 1007 2580 1
1029 2551 1191 2584 Joan.1u‚
1214 2548 1314 2580 16.—-
1328 2545 1341 2568 ⁴
1358 2546 1435 2579 eod.

69 2605 160 2639 'Cana
180 2616 234 2637 cxx
247 2629 255 2644 ,
270 2606 323 2637 sol.
342 2612 382 2647 04
398 2616 405 2636 ε
426 2606 622 2640 Intellexistis
638 2605 699 2638 hoc
715 2608 940 2638 sacramentum
952 2627 961 2643 ,
983 2602 1092 2635 fratres
1109 2601 1170 2633 mei
1185 2602 1199 2631 Ρ
1233 2602 1344 2632 Beatus
1358 2601 1438 2633 Lau-

30 2674 32 2701 :
84 2659 202 2694 tentius
218 2659 383 2699 intellexit,
401 2666 459 2693 etc.
