1999 3282
545 312 602 357 28
964 329 997 356 S.
1041 327 1280 357 AUGUSTlNl
1319 327 1525 356 EPISCOPI

542 412 561 431 »
585 406 700 437 cum.
728 412 748 432 »
773 392 870 437 Non
903 403 994 438 erat
1019 390 1179 437 oblitus
1196 428 1206 446 ,
1239 391 1312 437 sed
1338 390 1451 436 unde
1479 390 1744 450 gaudeamus
1762 392 1808 437 in
1831 409 1915 438 no-

538 459 728 518 vissimo,
753 462 953 507 servabat
974 461 1243 507 novissimus.
1277 482 1298 503 «
1316 461 1413 506 Non
1439 477 1516 520 ego
1540 471 1682 506 autem
1696 498 1708 518 ,
1731 462 1803 507 sed
1822 480 1916 523 gra-

544 552 564 572 »
588 531 644 576 tia
660 531 739 577 Dei
762 549 948 580 meeum.
978 554 997 574 ›>

606 601 656 648 V.
698 603 823 648 Tunc
853 621 940 648 non
975 602 1194 648 redditum
1223 612 1285 648 est
1307 639 1318 658 ,
1354 600 1485 647 modo
1521 601 1661 665 quid?
1686 624 1707 644 α
1730 602 1918 649 Cursum

541 693 561 713 υ
585 674 905 731 consummavi,
932 674 1062 719 fidem
1090 673 1252 719 servavi
1282 690 1293 718 ε
1319 673 1372 718 de
1403 683 1559 719 eaetero
1586 685 1778 737 superest
1807 675 1919 721 mihi

542 764 561 782 υ
586 759 744 788 corona
762 745 968 803 justitiae,
999 761 1131 808 quam
1153 743 1304 788 reddet
1321 743 1431 788 mihi
1454 744 1664 789 Dominus
1685 744 1729 789 in
1751 744 1824 789 illa
1848 744 1918 790 die

543 835 561 852 υ
583 817 725 872 justus
749 814 933 861 Juclcx1.
960 837 979 856 »
1002 821 1167 861 Bonum
1182 831 1360 874 agonem
1383 815 1570 860 certasti.
1598 813 1682 860 Sed
1702 815 1799 878 quis
1816 814 1920 861 feeit

542 894 589 928 ut
612 884 833 930 vinceres?
851 887 964 945 Lego
987 886 1067 931 tibi
1094 896 1152 941 te,
1174 896 1215 930 et
1234 896 1280 930 tu
1299 885 1436 930 dicis:
1466 906 1483 926 α
1505 885 1676 930 Gratias
1701 902 1780 944 ago
1810 886 1913 943 Deo,

542 978 560 995 υ
581 954 656 1017 qui
674 954 796 1000 dedit
814 955 938 1001 nobis
953 956 1178 1002 victoriam
1202 974 1279 1019 per
1297 955 1534 1000 Dominum
1552 966 1746 1000 nostrum
1769 958 1919 1002 desum

541 1048 560 1065 »
586 1024 850 1072 Christum?
878 1048 898 1066 »
918 1026 1035 1082 Quid
1060 1026 1254 1089 proderit
1279 1035 1458 1071 certasse
1475 1062 1485 1080 ,
1518 1025 1659 1071 sinon
1688 1026 1827 1089 prosit
1847 1026 1917 1071 vi·-

539 1095 675 1140 eisse?
698 1096 810 1154 Ergo
831 1095 967 1140 habes
991 1096 1093 1158 quia
1111 1097 1280 1141 certasti
1307 1095 1502 1159 quidem,
1526 1096 1598 1140 sed
1626 1095 1826 1141 Christus
1845 1095 1919 1142 de-

541 1165 605 1210 dit
630 1166 871 1211 victoriam.
911 1166 1096 1229 Sequere
1118 1167 1236 1212 aliud
1260 1184 1270 1211 :
1303 1189 1323 1207 «
1346 1167 1534 1212 Cursum
1557 1167 1870 1213 consummavi.
1896 1188 1918 1208 2>

543 1237 597 1280 Et
620 1235 706 1280 hoe
725 1237 820 1299 quis
843 1237 887 1281 in
908 1241 979 1282 tel)
1003 1239 1154 1283 ¹Nonne
1178 1249 1226 1284 tu
1249 1238 1392 1283 dixisti
1416 1255 1426 1282 z
1452 1259 1471 1278 «
1493 1238 1591 1283 Non
1614 1237 1812 1292 volentis,
1838 1253 1918 1282 ne-

540 1328 559 1345 »
581 1323 664 1368 que
693 1308 930 1364 currentis,
960 1308 1032 1353 sed
1058 1309 1295 1354 miserentis
1319 1319 1380 1353 est
1403 1308 1507 1353 Dei‘?
1535 1331 1555 1349 »
1581 1309 1663 1354 Die
1694 1307 1813 1371 quod
1848 1324 1918 1353 se·-

540 1377 690 1438 quitur
711 1395 721 1422 z
744 1398 763 1417 α
788 1378 935 1423 Fidem
956 1380 1134 1426 servavi.
1165 1402 1184 1421 υ
1209 1381 1262 1424 lit
1282 1379 1368 1424 hoe
1386 1378 1499 1424 unde
1517 1379 1631 1424 tibi?
1653 1378 1769 1424 Audi
1785 1378 1919 1423 verba

542 1456 628 1492 tua.
660 1469 680 1488 ›>
703 1448 1063 1506 Misericordiam,
1095 1450 1263 1513 inquit,
1294 1460 1548 1495 consecutus
1566 1467 1659 1494 sum
1679 1487 1689 1503 ,
1713 1459 1759 1494 ut
1780 1447 1920 1494 fidelis

542 1540 561 1556 υ
581 1533 711 1561 essem
727 1517 758 1563 3.
784 1540 803 1558 »
828 1520 941 1578 Ergo
965 1519 1097 1564 fidem
1119 1520 1295 1566 servasti
1318 1537 1366 1565 ex
1390 1519 1684 1565 misericordia
1704 1518 1802 1574 Dei,
1830 1535 1918 1564 non

540 1604 587 1631 ex
612 1586 864 1633 fortitudine
887 1600 972 1635 tua.
1005 1612 1024 1630 <c
1048 1591 1112 1634 De
1138 1601 1294 1635 eaetero
1322 1608 1421 1650 ergo
1445 1600 1636 1653 superest
1660 1589 1741 1634 tibi
1759 1606 1923 1634 eorona-

543 1678 561 1696 »
575 1657 774 1716 justitiae,
797 1676 926 1722 quam
946 1659 1097 1705 reddet
1116 1661 1194 1706 tibi
1220 1661 1430 1706 Dominus
1451 1661 1496 1706 in
1512 1660 1585 1706 illa
1603 1660 1672 1706 die
1679 1664 1821 1720 justus
1832 1659 1857 1703 J
1863 1675 1917 1706 u-

542 1749 561 1768 >2
582 1727 673 1774 dex,
699 1750 718 1769 »
747 1730 914 1775 Meritis
927 1731 1041 1775 enim
1059 1731 1226 1787 reddet,
1243 1732 1340 1777 ideo
1354 1735 1497 1791 justus
1510 1731 1657 1790 judex.
1685 1729 1769 1775 Sed
1788 1730 1918 1775 etiam

545 1798 618 1843 hic
638 1792 724 1844 ison
757 1800 982 1846 extollatur
1005 1803 1145 1848 cervix
1170 1813 1266 1858 tua,
1296 1803 1398 1866 quia
1420 1802 1533 1847 dona
1552 1802 1686 1865 ipsius
1704 1811 1803 1846 sunt
1822 1817 1917 1845 me-

544 1869 623 1914 rita
662 1880 750 1916 tua.
794 1871 925 1927 Quod
957 1872 1020 1917 illi
1052 1872 1166 1929 dixi,
1193 1874 1249 1918 ab
1281 1873 1354 1918 illo
1377 1873 1512 1918 didici
1534 1910 1543 1928 ,
1570 1884 1612 1918 et
1641 1889 1713 1917 vos
1747 1887 1917 1916 mecum

541 1939 585 1984 iu
608 1940 686 1985 ista
710 1940 859 1986 schola
894 1942 1042 2005 utique
1075 1943 1300 1990 didicistis.
1344 1944 1576 2007 Superiore
1609 1944 1706 1989 loeo
1738 1952 1917 2006 propter

542 2011 809 2073 praeconium
835 2012 1144 2074 praesidemus,
1187 2013 1260 2058 sed
1292 2014 1337 2059 in
1370 2032 1453 2060 una
1474 2014 1623 2060 schola
1640 2029 1916 2078 communem

544 2082 798 2141 Magistrum
820 2082 865 2127 in
882 2082 1004 2129 coelis
1021 2085 1249 2131 habemus.

591 2181 601 2202 ¹
622 2192 638 2210 2
658 2181 738 2212 Tim.
755 2192 796 2219 ιν,
821 2194 850 2220 7,
867 2184 900 2215 S.
919 2200 957 2205 —
975 2181 990 2203 2
1009 2195 1018 2212 1
1038 2185 1100 2214 Cor
1130 2194 1182 2221 xv,
1200 2184 1312 2222 57.—-
1327 2181 1484 2222 31d.v11‚
1508 2185 1564 2218 25,

1997 828 1999 874 1

1995 888 1999 918 1

1991 1127 1999 1289 i

1987 1526 1993 1639 ἒ

1986 1661 1990 1719 J

1984 1724 1989 1815 ἒ

1982 1982 1986 2018 1

1978 2180 1982 2225 i

1978 2250 1981 2269 1

1977 2281 1981 2295 ⁴

1976 2303 1980 2383 ᾖ
