1942 3272
437 288 532 353 474
858 304 893 336 s.
935 303 1178 336 Aususrtm
1213 305 1415 339 Emscom

436 379 543 416 esset
579 367 655 434 qui
687 386 762 417 vos
793 369 1067 417 erudiretzet
1097 371 1216 435 apud
1246 372 1527 437 vosmetipsos
1561 383 1812 421 tractatores

436 441 592 489 essetis.
628 442 674 487 Si
694 443 826 498 enim,
856 442 975 506 quod
1008 453 1172 489 avertat
1199 444 1332 499 Deus,
1358 443 1404 489 in
1432 454 1519 490 tam
1552 459 1742 491 crassum
1769 454 1813 491 et

436 511 664 575 stupidum
692 530 878 559 errorem
906 513 1097 577 prolapsi
1123 513 1281 570 essetis,
1306 524 1355 559 ut
1376 532 1398 560 a
1418 525 1572 561 natura
1589 515 1715 561 vobis
1739 515 1814 562 in·-

435 582 654 629 tellectum
681 584 817 631 tribui
840 584 1048 648 putaretis
1063 622 1074 639 ‚
1102 600 1232 647 quem
1256 602 1279 630 a
1304 583 1392 630 sola
1415 585 1551 645 gratia
1579 596 1622 631 et
1645 585 1815 634 miseri-

440 653 589 700 cordia
616 655 695 700 Dei
724 655 914 711 habetis,
944 654 1222 700 emendarent
1241 672 1315 700 vos
1338 672 1457 701 renes
1479 656 1626 713 vestri,
1656 667 1698 702 et
1721 656 1816 703 cla-

438 736 608 771 marent
633 744 644 771 :
674 748 693 767 (c
718 731 865 784 Quare
896 725 1136 772 ascendunt
1171 726 1451 787 cogitationes
1483 726 1739 788 hujusmodi
1770 729 1818 776 in

440 816 462 838 »
481 813 556 842 cor
577 796 825 843 vestrum-l?
846 819 865 839 n
885 798 1193 861 Unusquisque
1215 814 1257 843 se
1274 797 1418 861 ipsum
1441 797 1655 855 consulat,
1679 816 1721 844 se
1742 798 1818 863 ip5-

441 884 537 913 sum
559 868 728 932 palpet,
758 879 989 925 scrutetur,
1017 885 1095 914 nec
1119 886 1161 914 se
1185 868 1404 932 quaesierit
1425 878 1564 921 extrav,
1587 868 1821 931 interroget

444 956 563 985 renes
590 957 706 996 suos,
740 951 782 986 et
810 940 957 986 dicent
985 940 1066 996 illi,
1098 939 1226 985 fuisse
1252 939 1389 1000 legem
1413 939 1460 984 in
1488 940 1694 987 membris
1716 941 1823 988 meis

446 1012 709 1067 contrariam
732 1012 815 1072 legi
838 1012 993 1057 mentis
1016 1012 1179 1065 meae23
1206 1028 1369 1075 pronus
1387 1028 1485 1057 sum
1515 1011 1570 1058 ad
1593 1028 1720 1059 omne
1736 1012 1821 1059 fla-

445 1081 617 1141 gitium,
630 1082 690 1128 ita
702 1099 770 1127 me
784 1082 980 1128 obruunt
992 1081 1358 1146 concupiscentiae
1371 1082 1548 1139 fluctus,
1567 1092 1615 1129 ut
1628 1082 1824 1147 quotidie

443 1169 634 1213 mergar,
666 1162 708 1198 et
739 1152 785 1198 in
814 1152 1085 1216 profundum
1119 1163 1401 1216 peccatorum
1436 1169 1576 1200 ruam.
1618 1153 1825 1200 Ascendit

443 1222 627 1280 invidia,
649 1223 843 1269 ascendit
863 1223 1087 1286 superbia,
1106 1223 1300 1269 ascendit
1315 1223 1501 1279 luxuria,
1523 1224 1692 1284 agmine
1708 1224 1826 1270 facto

444 1293 648 1339 miserum
684 1294 919 1357 petunttsi
956 1293 1232 1357 Charybdim
1267 1293 1595 1351 declinaverim,
1633 1293 1827 1358 Scyllam

446 1363 650 1419 incurr03
683 1365 716 1410 si
748 1365 978 1411 libidinem
1011 1365 1245 1428 propulso,
1271 1365 1349 1410 irae
1372 1365 1640 1420 succunibo3
1673 1365 1709 1412 si
1738 1383 1828 1412 non

447 1451 515 1480 me
540 1435 690 1481 domat
719 1435 923 1491 avaritia,
955 1435 1088 1481 caedit
1115 1434 1323 1487 ebrietas3
1354 1435 1388 1480 si
1418 1435 1584 1499 rapinis
1609 1436 1825 1490 abstineo,

449 1523 630 1551 manum
653 1515 694 1550 et
714 1505 877 1551 viscera
902 1505 1172 1568 pauperibus
1192 1503 1374 1558 elaud03
1400 1504 1435 1551 si
1460 1504 1686 1552 calumniis
1706 1521 1829 1553 aures

448 1575 643 1630 obduco,
670 1593 786 1621 mors
807 1575 940 1621 intrat
954 1593 1032 1639 per
1049 1574 1273 1630 fenestras,
1300 1575 1387 1621 hoc
1405 1585 1485 1631 est,
1508 1592 1587 1639 per
1603 1575 1751 1624 oeulos
1770 1575 1829 1623 li-

448 1647 655 1694 bidinum
690 1658 733 1692 et
771 1645 1049 1710 voluptatum
1095 1645 1313 1692 incentiva
1345 1646 1536 1700 haurio;
1575 1646 1763 1711 denique
1795 1647 1830 1699 51

449 1718 604 1765 rimam
633 1735 764 1763 unam
789 1717 972 1774 obturo,
1003 1728 1180 1763 centum
1203 1727 1386 1780 patent,
1419 1717 1584 1781 quibus
1615 1717 1830 1783 accipiam

450 1789 677 1835 inimicum
708 1788 913 1844 imbrem,
942 1799 983 1833 et
1010 1787 1185 1834 tandem
1217 1787 1431 1834 fatiscam.
1464 1788 1572 1834 Haec
1603 1799 1703 1835 sunt
1730 1805 1832 1853 quae

452 1859 572 1923 apud
597 1870 638 1904 te
663 1870 850 1905 tractant
874 1876 995 1904 renes
1021 1859 1102 1915 tui,
1127 1869 1168 1904 et
1186 1859 1366 1922 propria
1390 1859 1644 1905 infirmitate
1669 1860 1833 1907 conscii

452 1930 659 1976 crudiunt
677 1941 733 1984 te,
761 1930 989 1992 increpant
1015 1940 1070 1985 te,
1092 1929 1325 1975 emendant
1347 1940 1405 1986 te,
1431 1941 1473 1975 et
1495 1947 1629 1993 usque
1652 1930 1698 1976 in
1722 1947 1833 1976 noc-

454 2013 556 2049 tem.
585 2001 766 2057 Qualem
787 2003 985 2046 noctem?
1008 2001 1296 2046 Conscientiae
1316 2011 1403 2046 tuae
1424 2000 1686 2060 caliginosae,
1709 2005 1834 2062 cujus

454 2071 640 2117 tenebris
668 2070 889 2116 involutus
918 2070 1047 2116 velles
1066 2108 1076 2126 ,
1112 2070 1146 2116 51
1174 2087 1316 2134 posses
1335 2108 1345 2127 ‚
1382 2070 1451 2116 his
1481 2070 1602 2133 quasi
1630 2070 1834 2135 clypeum

452 2143 654 2189 adversus
674 2142 820 2188 lumen
848 2142 1041 2188 veritatis
1065 2142 1318 2198 obtendere,
1348 2152 1390 2188 et
1414 2141 1467 2187 de
1486 2141 1740 2188 fortitudine
1760 2153 1835 2188 tua

451 2213 562 2259 bene
581 2230 765 2276 sperare.
794 2212 878 2258 Sed
899 2213 1134 2259 emendant
1152 2224 1191 2258 te
1211 2230 1330 2258 renes
1350 2213 1427 2258 tui.
1458 2213 1510 2257 In
1526 2212 1704 2258 renibus
1727 2223 1769 2258 et
1788 2212 1835 2259 iu

452 2284 616 2330 lumbis
641 2284 827 2340 robur·‘'’‚
855 2294 904 2329 ut
927 2295 989 2330 est
1012 2284 1176 2330 alicubi
1201 2285 1247 2329 in
1269 2283 1497 2347 Scriptura
1518 2301 1529 2328 ε
1548 2282 1621 2329 sed
1639 2282 1835 2346 quando-

455 2354 634 2418 quidem
664 2354 771 2399 adeo
794 2354 987 2399 elumbes
1015 2355 1100 2400 sint
1125 2354 1266 2400 lumbi
1289 2354 1371 2410 tui,
1396 2353 1504 2399 adeo
1537 2353 1835 2400 flaccescentes

456 2443 576 2471 renes
610 2426 690 2482 101,
728 2424 933 2471 erudiunt
963 2435 1005 2470 ct
1039 2425 1284 2472 dicuntzSi
1315 2424 1360 2470 in
1392 2425 1588 2482 renibus,
1627 2424 1743 2470 unde
1775 2434 1838 2470 est

457 2497 695 2554 fortitudo,
732 2508 848 2543 tanta
880 2508 941 2542 est
971 2496 1196 2554 debilitas,
1223 2507 1344 2542 tanta
1367 2495 1619 2552 infirmitas,
1645 2494 1754 2559 quid
1782 2494 1837 2540 de

456 2568 623 2614 caeteris
654 2569 761 2613 fieti)
787 2568 898 2614 Cum
930 2585 1007 2614 nos
1037 2585 1138 2628 ergo
1165 2566 1404 2614 erudierint
1433 2566 1574 2613 lumbi
1606 2565 1769 2622 nostri,
1795 2575 1837 2610 et

492 2659 501 2681 ¹
523 2654 708 2693 an.xx1v‚
730 2659 782 2689 38.
798 2655 875 2701 -J
894 2660 987 2690 Rom.
1012 2663 1072 2698 vii,
1096 2659 1152 2690 23.
1167 2674 1207 2680 —
1223 2653 1238 2677 3
1255 2655 1331 2689 Job.
1350 2664 1402 2694 n,
1427 2665 1478 2687 ιι.
