1999 3282
551 335 609 399 76
954 349 988 380 s.
1030 347 1269 380 AUGUSTINI
1303 349 1504 381 Er1sc01³1

545 436 566 456 »
590 413 670 460 Dei
687 413 851 472 sedens,
873 430 974 479 quae
986 430 1153 460 sursum
1178 423 1277 460 sunt
1298 415 1477 479 quaerite
1493 452 1506 473 ,
1532 431 1620 462 11011
1646 432 1744 480 quae
1771 432 1901 481 super
1998 470 1999 474 Ἰ

549 508 570 529 »
592 496 749 532 terram
768 485 801 533 1.
828 508 848 528 »
873 484 1099 550 Quidquid
1120 484 1372 533 delectabile
1384 487 1437 533 de
1449 486 1760 551 temporalibus
1776 487 1906 535 rebus
1996 492 1999 548 l

544 556 732 604 mundus
758 556 1000 618 ingesserit,
1018 567 1242 621 respuatur
1270 573 1283 603 t
1310 557 1525 622 quidquid
1542 557 1810 605 infremuerit
1832 577 1903 605 as-
1996 550 1999 618 l

544 647 697 694 perum
717 640 846 693 atque
866 629 1074 686 terribile,
1094 639 1406 677 contemnatur.
1433 630 1489 675 Et
1510 629 1587 694 qui
1608 630 1668 676 sic
1691 630 1794 691 agit,
1815 647 1903 678 non

546 699 716 746 dubitet
739 700 902 746 Christi
939 716 980 746 se
1017 699 1232 746 cohaerere
1257 699 1472 760 vestigiis,
1503 709 1552 746 ut
1582 700 1733 746 merito
1764 700 1905 748 dicere

543 770 698 818 audeat
722 788 822 817 cum
839 771 1030 835 apostolo
1046 771 1206 818 Paulo:
1229 791 1251 813 c<
1271 771 1546 819 Conversatio
1563 782 1708 817 nostra
1724 771 1769 818 in
1781 771 1903 819 coelis

546 864 566 884 ›>
590 851 650 888 est
668 843 700 888 2.
725 863 745 884 ›>

612 913 686 959 lV.
718 912 802 959 Sed
818 922 922 959 tunc
946 922 1088 976 potest
1104 912 1148 957 in
1171 911 1259 958 istis
1281 928 1366 958 esse
1389 911 1524 959 virtus
1543 913 1705 960 invicta
1722 951 1733 970 ,
1763 912 1797 959 si
1820 930 1907 960 non

548 984 602 1030 sit
627 983 814 1030 charitas
832 984 947 1030 ficta.
977 982 1053 1029 Ille
1066 999 1166 1043 ergo
1179 981 1255 1028 dat
1274 981 1399 1028 nobis
1421 999 1563 1029 veram
1583 983 1807 1040 virtutem,
1832 982 1908 1048 qui

546 1054 751 1101 diffundit
760 1056 806 1101 in
831 1054 984 1101 nostris
1002 1054 1207 1101 cordibus
1223 1054 1480 1100 charitatem
1494 1055 1526 1102 ³.
1551 1053 1749 1111 Quando
1764 1065 1908 1100 autem
1933 1093 1936 1096 .

542 1125 693 1172 beatus
711 1126 964 1172 Laurentius
982 1125 1201 1189 appositos
1211 1125 1468 1171 extrinsecus
1484 1124 1602 1185 ignes
1616 1143 1704 1171 non
1719 1125 1904 1182 timeret,

546 1199 626 1244 nisi
647 1199 763 1244 intus
797 1198 971 1244 flamma
1004 1198 1228 1244 charitatis
1252 1196 1444 1243 arderet?
1469 1197 1573 1243 Ideo
1591 1234 1601 1253 ‚
1625 1197 1776 1243 fratres
1802 1195 1904 1252 mei,

544 1269 749 1329 gloriosus
766 1273 934 1332 Martyr
953 1280 1114 1314 atroces
1137 1267 1438 1314 incendiorum
1451 1268 1647 1314 flammas
1666 1285 1754 1315 non
1769 1268 1908 1332 perti-

549 1340 763 1386 mescebat
784 1340 830 1386 in
863 1357 1062 1404 corpore,
1090 1339 1191 1403 quia
1221 1339 1515 1386 ardentissimo
1533 1339 1772 1385 coelestium
1797 1355 1909 1399 gau-

548 1410 718 1457 diorum
746 1409 954 1457 desiderio
993 1409 1204 1471 flagrabat
1231 1410 1275 1455 in
1308 1420 1461 1456 mente.
1506 1411 1556 1454 In
1590 1410 1910 1473 comparatione

547 1481 740 1537 fervoris,
763 1497 850 1545 quo
873 1491 1023 1545 pectus
1043 1484 1078 1540 ej
1088 1498 1133 1526 us
1156 1478 1353 1535 ardebat‚
1380 1478 1558 1526 exterior
1585 1490 1911 1543 persecutorum

550 1552 723 1597 flamma
748 1552 944 1612 frigebat.
979 1549 1167 1608 Quando
1200 1551 1314 1596 enim
1336 1550 1464 1596 ferret
1493 1562 1713 1596 tantorum
1743 1550 1912 1597 aculeos

550 1621 748 1668 dolorum
765 1659 776 1679 ,
808 1623 888 1668 nisi
912 1634 1170 1668 aeternorum
1202 1621 1396 1681 diligeret
1416 1621 1572 1683 gaudia
1593 1622 1909 1686 praemiorum?

550 1694 769 1739 Postremo
793 1693 966 1757 quando
991 1705 1281 1740 contemneret
1299 1694 1425 1739 istam
1448 1693 1603 1751 vitam,
1627 1693 1708 1739 nisi
1728 1690 1912 1738 amando

549 1764 767 1810 meliorem
784 1764 945 1810 vitam?
971 1786 990 1805 «
1014 1766 1068 1809 Et
1089 1764 1185 1829 quis
1207 1780 1359 1810 nocere
1377 1764 1502 1809 vobis
1519 1774 1678 1827 potest,
1706 1763 1765 1809 ait
1782 1780 1912 1827 apos-

554 1858 573 1876 »
598 1834 709 1880 tolus
728 1835 908 1889 Petrus;
930 1835 1044 1898 quis,
1063 1833 1221 1897 inquit,
1248 1851 1399 1880 nocere
1422 1833 1546 1880 vobis
1568 1844 1727 1898 potest,
1750 1832 1783 1878 si
1805 1831 1915 1879 boni

552 1928 572 1947 »
596 1916 804 1951 amatores
815 1904 977 1951 fueritis
1001 1905 1040 1950 ΛΡ
1069 1927 1088 1946 »
1114 1905 1261 1950 Faciat
1281 1903 1326 1950 in
1352 1916 1392 1949 te
1417 1904 1518 1950 licet
1542 1914 1792 1968 persecutor
1816 1920 1914 1949 ma-

550 1975 641 2022 lum
664 1994 675 2021 ι
703 1987 750 2022 tu
769 1993 821 2021 ne
839 1975 1013 2022 deficias
1043 1975 1227 2022 amando
1254 1976 1432 2022 bonum.
1471 1976 1515 2021 Si
1539 1974 1654 2021 enim
1679 1991 1775 2021 vere
1795 1973 1915 2038 quod
1982 2026 1983 2030 Ἰ

552 2048 716 2093 bonum
741 2056 827 2102 est,
849 2057 940 2092 toto
965 2044 1094 2092 corde
1121 2045 1312 2091 dilexeris
1330 2083 1341 2102 ‚
1363 2062 1488 2092 omne
1512 2045 1675 2091 malum
1702 2043 1915 2108 patienter

551 2128 593 2163 et
607 2115 904 2180 aequanimiter
915 2116 1154 2162 sustinebit
1174 2115 1295 2173 Quid
1313 2116 1560 2161 enimbeato
1575 2113 1805 2160 Laurentio
1820 2114 1911 2171 illa,

554 2204 652 2251 quae
669 2187 1045 2250 apersecutoribus
1059 2185 1176 2231 illata
1191 2197 1306 2240 sunt,
1324 2196 1533 2231 tormenta
1551 2188 1816 2232 nocuerunt?
1834 2184 1916 2230 nisi
1980 2177 1987 2238 '¹

553 2258 670 2321 quod
688 2275 785 2303 eum
808 2256 1031 2303 clariorem
1053 2257 1156 2321 ipsis
1168 2255 1391 2319 suppliciis
1413 2251 1781 2313 reddideruutfet
1794 2249 1914 2301 h‘iffif:
1943 2316 1948 2321 .

550 2328 676 2374 nobis
696 2327 1012 2375 festivissimum
1029 2327 1142 2373 diem
1161 2326 1214 2373 de
1232 2327 1417 2391 pretiosa
1440 2330 1530 2386 ejus
1548 2338 1683 2372 morte
1696 2326 1905 2373 fecerunt.

601 2423 611 2444 ¹
631 2422 751 2454 Coloss.
763 2432 814 2453 111.
833 2433 863 2465 1,
881 2419 985 2453 2.—-2
1002 2420 1117 2464 Philip.
1132 2431 1180 2460 111,
1196 2431 1298 2454 20.-—
1314 2417 1328 2443 3
1343 2423 1435 2453 Rom.
1454 2431 1487 2460 v,
1505 2422 1580 2451 5.-
1594 2418 1607 2442 ⁴
1627 2432 1637 2451 1
1657 2423 1742 2454 Petr.
1759 2431 1813 2464 111,
1833 2421 1887 2454 13.
