1999 3282
511 263 571 309 30
914 278 948 308 S.
991 277 1233 307 Amissum
1267 278 1469 317 EPISCOPI

511 360 610 402 ergo
642 343 719 406 qui
741 360 782 388 se
804 342 997 406 primum
1020 353 1063 387 et
1085 342 1366 388 novissimum
1393 343 1631 389 aeternitate
1653 360 1880 389 commen-

509 413 655 470 davit,
688 414 779 477 ipse
813 412 1040 476 Apostolos
1067 413 1260 476 primum
1294 424 1335 459 et
1370 413 1650 459 novissimum
1685 415 1881 478 passione

508 485 742 545 conjunxit.
802 484 1034 547 Utriusque
1083 484 1223 547 passio
1267 484 1506 530 concordat
1562 484 1833 531 solemnitate
1868 524 1879 543 ‚

508 556 730 618 utriusque
767 554 856 600 vita
880 564 1089 599 consonat
1114 553 1342 601 charitate.
1387 576 1405 595 α
1426 555 1479 599 In
1519 571 1690 599 omnem
1730 565 1888 601 terram

510 646 530 666 ))
554 625 653 670 exiit
671 641 798 670 sonus
820 641 988 680 eorum,
1011 634 1053 669 et
1071 623 1117 668 in
1135 623 1241 668 fines
1266 624 1384 669 orbis
1400 634 1526 669 terrae
1541 624 1674 669 verba
1697 641 1848 670 eorum
1867 646 1888 667 »

508 704 755 741 sonuerunt.
784 694 871 738 Ubi
891 693 1013 739 electi
1030 704 1145 749 sunt,
1167 693 1245 738 ubi
1264 693 1633 756 praedicaverunt,
1658 693 1735 739 ubi
1757 694 1888 739 etiam

506 766 620 828 passi
652 776 777 821 sunt,
804 755 950 810 omnes
978 765 1190 810 novimus.
1219 763 1321 809 Illos
1352 775 1495 810 autem
1518 765 1635 828 ipsos
1666 764 1782 811 unde
1811 783 1888 810 nos

507 836 707 881 novimus
724 836 806 880 nisi
819 835 921 898 quia
937 856 957 876 α
970 836 1022 880 In
1040 851 1212 880 omnem
1228 845 1386 880 terram
1405 835 1505 880 exiit
1527 851 1656 880 sonus
1674 838 1888 881 eorun1?»

573 906 656 953 Ill.
699 906 762 950 De
783 906 979 968 passione
1001 922 1075 950 sua
1095 908 1189 964 jam
1219 905 1473 950 imminente
1500 915 1542 950 et
1563 906 1887 969 propinquante

504 975 868 1038 praenuntiantem
907 973 1153 1020 audivimus
1184 974 1398 1032 Paulum,
1429 992 1530 1021 cuin
1564 979 1655 1035 ers
1691 975 1887 1041 Epistola

506 1044 749 1104 leg··:eretu1
780 1066 801 1085 «
829 1045 919 1104 Ego
946 1043 1059 1088 enim
1077 1046 1170 1102 jam
1197 1043 1431 1101 immolor,
1458 1055 1502 1090 et
1521 1055 1694 1108 tempus
1718 1045 1886 1091 lesolu-

506 1136 526 1156 »
554 1115 678 1160 tionis
707 1131 815 1160 meae
846 1114 990 1160 instat.
1032 1114 1204 1159 Bonum
1239 1125 1456 1160 celtamen
1492 1115 1679 1171 certavi,
1708 1132 1885 1161 cursum

506 1207 526 1227 »
549 1185 882 1242 consummavi,
920 1184 1051 1230 fidem
1084 1202 1178 1230 serv
1182 1185 1289 1231 avi:
1326 1185 1379 1231 de
1411 1196 1567 1231 caetero
1604 1187 1790 1249 reposita
1822 1198 1885 1232 est

505 1278 525 1297 »
552 1256 663 1301 mihi
688 1273 846 1302 corona
867 1254 1049 1315 justitiae
1067 1292 1077 1309 ‚
1111 1272 1241 1318 quam
1277 1255 1428 1301 reddet
1458 1256 1569 1301 mihi
1604 1256 1817 1302 Dominus
1836 1258 1884 1303 in

497 1348 517 1368 »
543 1327 614 1372 illa
633 1325 702 1373 die
719 1331 860 1386 justus
885 1326 909 1370 J
915 1325 1023 1371 udex
1050 1343 1060 1369 ε
1089 1342 1176 1370 non
1195 1325 1334 1372 solum
1354 1336 1515 1383 autem,
1543 1327 1712 1390 iuquit,
1736 1327 1877 1386 mihi,

503 1418 523 1438 >2
552 1397 624 1443 sed
640 1397 843 1443 omnibus
863 1396 941 1460 qui
958 1395 1145 1455 diligunt
1164 1396 1552 1442 manifestationem
1567 1396 1700 1456 ejus1.
1727 1418 1746 1438 »
1765 1397 1881 1443 Hinc

501 1468 695 1513 dicamus
722 1467 887 1530 aliquid
917 1485 927 1511 ε
956 1465 1166 1526 adjuvant
1190 1467 1304 1512 euim
1325 1484 1417 1523 nos,
1441 1484 1539 1530 quae
1570 1467 1615 1512 in
1635 1467 1741 1512 fines
1761 1468 1881 1514 orbis

503 1549 623 1584 terrae
641 1538 832 1583 exierunt
856 1537 987 1583 verba
1011 1553 1176 1583 eorum.
1216 1537 1363 1582 Primo
1383 1548 1579 1583 sanctam
1605 1536 1879 1588 devotionem

497 1608 653 1656 videte.
685 1603 907 1654 Imlnolari
929 1624 971 1652 se
998 1606 1121 1662 dixit,
1145 1625 1234 1652 non
1254 1608 1363 1652 mori
1390 1625 1400 1652 :
1432 1624 1520 1652 non
1543 1608 1647 1670 quia
1672 1625 1762 1653 nou
1789 1626 1878 1654 mo-

497 1679 623 1735 ritur,
648 1678 723 1742 qui
740 1677 1016 1731 immolaturg
1039 1677 1113 1723 sed
1129 1695 1214 1723 non
1233 1678 1372 1723 omnis
1395 1677 1471 1741 qui
1494 1678 1695 1735 moritur,
1714 1678 1876 1725 immo-

495 1748 652 1795 latur2.
683 1750 796 1808 Ergo
820 1747 1034 1794 immolari
1063 1757 1124 1793 est
1166 1749 1255 1792 Deo
1283 1748 1406 1794 mori.
1445 1749 1641 1793 Ductum
1666 1758 1729 1793 est
1759 1749 1875 1794 enim

494 1818 688 1865 Verbum
707 1836 728 1866 a
760 1818 985 1863 sacrificio.
1017 1818 1159 1863 Omne
1180 1817 1297 1880 quod
1323 1817 1612 1873 sacrificatur,
1650 1818 1742 1863 Deo
1761 1819 1876 1865 occi-

491 1887 623 1934 ditur.
661 1887 864 1933 Intellixit
895 1887 1008 1932 enim
1037 1887 1267 1950 Apostolus
1291 1888 1362 1932 cui
1387 1890 1477 1946 ejus
1500 1887 1674 1947 sanguis
1697 1888 1744 1933 in
1766 1905 1873 1952 pas-

491 1959 607 2009 sione
632 1959 861 2005 deberetur
889 1977 899 2004 :
926 1959 1066 2004 factus
1090 1970 1152 2004 est
1183 1959 1296 2004 enim
1327 1958 1500 2004 debitor
1534 1959 1754 2018 sanguinis
1777 1960 1869 2016 sui,

490 2047 570 2092 pro
591 2046 677 2092 quo
699 2029 819 2075 fusus
836 2040 898 2075 est
927 2028 1096 2088 sanguis
1123 2029 1298 2073 Domini
1323 2029 1402 2075 sui.
1444 2029 1565 2074 Unus
1597 2029 1668 2074 ille
1690 2029 1872 2089 sangui-

490 2116 587 2144 nem
611 2099 744 2156 fudit,
770 2110 813 2144 et
830 2116 976 2145 omues
999 2098 1315 2162 oppigneravit.
1343 2099 1573 2161 Quotquot
1589 2099 1711 2144 illam
1738 2099 1870 2146 fidem

490 2169 738 2232 recipimus,
765 2169 973 2215 debemus
996 2169 1114 2231 quod
1136 2169 1378 2232 accipimus
1397 2186 1407 2214 :
1427 2179 1469 2214 et
1488 2171 1571 2219 boc
1592 2169 1694 2232 quia
1719 2168 1869 2230 digna-

488 2251 554 2284 tus
578 2249 639 2284 cst
659 2238 796 2285 facere
824 2250 867 2284 et
886 2238 1102 2284 debitores
1129 2249 1171 2283 et
1193 2238 1446 2286 redditores,
1488 2239 1597 2294 Quis
1621 2239 1737 2284 enim
1764 2256 1867 2285 nos-

489 2320 601 2355 trum
620 2310 664 2355 in
684 2321 802 2356 tanta
823 2310 971 2373 inopia
993 2319 1034 2354 et
1052 2320 1310 2373 paupertate
1328 2310 1594 2355 infirmitatis
1612 2309 1794 2356 idoneus
1805 2321 1868 2356 est

479 2379 654 2426 reddere
670 2391 789 2426 tanto
803 2381 967 2427 credito
978 2382 1042 2426 [ΞΡ
1064 2380 1148 2426 Sed
1163 2381 1384 2444 quomodo
1401 2382 1617 2444 scriptum
1633 2392 1694 2426 est
1711 2399 1722 2426 ε
1741 2402 1762 2423 ι(
1777 2382 1865 2428 Do-

476 2474 494 2493 »
512 2451 655 2497 minus
672 2451 798 2497 dabit
818 2452 1001 2497 verbum
1039 2451 1435 2512 evangelizantibus
1454 2452 1615 2498 virtute
1636 2451 1824 2498 multass:
1842 2473 1863 2494 ›>

523 2551 532 2572 ¹
553 2562 570 2581 2
588 2551 670 2583 Tim.
688 2562 732 2593 iv,
748 2552 876 2581 6-8.——
896 2549 911 2572 ²
934 2550 1020 2582 Beda
1038 2550 1181 2581 noudum
1205 2550 1349 2592 vulgatus·
1380 2550 1418 2582 nd
1444 2562 1460 2581 2
1485 2550 1569 2582 Tim.
1592 2561 1638 2583 xv.
1665 2564 1713 2574 ¹-
1736 2547 1751 2573 3
1776 2551 1862 2584 Psal.

479 2612 581 2645 mnu,
607 2615 658 2636 1².
