1942 3272
477 337 568 395 248
897 349 933 384 s,
976 349 1218 382 aucus’rnw
1254 350 1456 384 muscosa

474 420 551 483 qui
576 417 694 466 videt
719 416 838 482 quod
865 427 1053 473 servant,
1085 416 1202 479 quod
1234 418 1361 463 etiam
1392 419 1571 465 maritus
1594 436 1684 465 11011
1713 419 1845 467 videt.

475 491 604 554 Saepe
624 490 738 535 enim
758 488 912 534 absens
934 497 996 532 est
1013 487 1208 544 maritus,
1231 505 1399 553 semper
1417 500 1478 534 est
1496 507 1686 553 praesens
1707 491 1849 536 Deus:

476 572 519 607 et
543 559 796 624 aliquando,
823 559 924 622 quia
949 558 1082 604 homo
1105 569 1167 604 est
1184 560 1379 616 maritus,
1406 560 1649 624 suspicatur
1667 560 1850 614 falsum3

475 643 582 678 tunc
607 641 699 677 oret
720 629 877 675 mulier
902 646 983 693 pro
1014 629 1168 674 marito
1192 646 1268 674 suo
1292 630 1538 694 suspicante
1561 630 1741 685 falsum3
1764 640 1856 677 oret

478 713 529 748 ut
557 700 628 747 ille
662 700 875 757 salvetur,
912 717 999 745 non
1026 709 1074 744 ut
1103 699 1174 745 ille
1208 699 1451 748 damnetur.
1487 701 1607 747 Falsa
1629 702 1744 747 enim
1773 701 1856 747 viri

477 771 668 836 suspicio
689 787 779 817 non
810 769 976 817 claudit
998 769 1145 815 oculos
1170 770 1263 816 Dei.
1294 770 1417 816 Illius
1448 771 1711 817 conscientia
1737 770 1856 817 nuda

477 852 540 889 est
558 857 707 889 coram
730 840 823 897 illo,
855 840 932 904 qui
961 850 1077 885 creat
1098 856 1207 886 eam.
1236 840 1334 903 Ipse
1357 841 1471 886 enim
1495 840 1549 887 ad
1575 851 1748 905 tempus
1769 858 1856 904 op-

476 929 666 978 pressam
693 910 850 957 liberat
873 910 917 956 in
942 920 1169 956 aeternum.
1198 909 1282 955 Sed
1306 921 1398 956 oret
1421 927 1502 974 pro
1522 912 1697 968 marito,
1720 921 1762 957 et
1785 911 1858 957 (let

456 1009 464 1012 >v
477 1001 657 1048 operam
670 999 759 1028 non
771 980 911 1027 solum
924 981 1088 1026 habere
1104 979 1264 1026 bonam
1281 981 1433 1036 vitam,
1454 980 1523 1027 sed
1537 982 1666 1027 etiam
1679 981 1857 1028 illaesain

478 1055 654 1101 famam.
695 1054 861 1097 Bonam
899 1051 1013 1096 enim
1046 1051 1179 1096 vitam
1212 1051 1553 1119 ipsa-pudicitia
1585 1051 1768 1109 liberat,
1804 1069 1858 1097 ne

478 1124 710 1170 damnetur
726 1140 736 1167 ι
752 1122 869 1168 bona
892 1137 993 1167 vero
1015 1120 1129 1166 fama
1150 1121 1253 1167 alios
1269 1121 1442 1178 liberat,
1467 1139 1520 1167 ne
1542 1121 1698 1167 falsum
1721 1122 1859 1185 suspi-

479 1194 620 1241 cando
648 1193 883 1249 labantur,
916 1202 958 1237 et
988 1191 1099 1237 forte
1132 1192 1176 1237 in
1215 1202 1445 1255 peccatum
1482 1191 1713 1248 decidant,
1753 1192 1859 1237 dum

482 1264 601 1328 quod
628 1281 711 1310 non
736 1262 884 1309 vident
901 1262 1133 1321 judicant:
1152 1262 1276 1307 sicuti
1298 1261 1468 1322 judices
1494 1262 1564 1307 isti
1590 1262 1856 1319 ceciderunt,

482 1346 525 1380 et
542 1334 695 1380 Daniel
713 1343 903 1389 sanctus,
920 1333 1006 1377 imo
1021 1350 1098 1396 per
1113 1332 1335 1377 Danie1e1n
1359 1333 1586 1388 Dominus,
1612 1333 1746 1393 magis
1767 1332 1860 1377 illos

478 1405 673 1464 Judices,
700 1421 834 1467 quam
866 1403 1135 1457 Susannam,
1164 1403 1219 1448 ab
1242 1403 1445 1448 interiore
1477 1414 1614 1448 morte
1640 1403 1854 1450 liberavit.

436 1481 462 1541 ‘g
480 1476 705 1522 Liberavit
724 1475 837 1520 enim
858 1473 996 1530 illam,
1010 1490 1063 1518 ne
1079 1474 1133 1519 ad
1150 1484 1317 1537 tempus
1332 1473 1611 1519 damnaretur
1629 1490 1640 1519 ε
1659 1473 1860 1519 liberavit

483 1556 626 1592 autem
644 1546 756 1602 illos,
779 1562 832 1590 ne
850 1544 959 1590 male
974 1544 1218 1603 judicando
1239 1556 1279 1588 et
1299 1545 1571 1590 innocentem
1590 1544 1858 1600 damnando,

484 1618 530 1662 in
549 1626 759 1662 aeternum
777 1614 1043 1679 supplicium
1063 1614 1266 1659 caderent
1284 1618 1375 1674 ejus
1388 1614 1567 1674 J'udicis,
1593 1631 1719 1678 quem
1737 1631 1863 1660 nemo

484 1697 627 1751 potest
649 1702 945 1749 corrumpere,
974 1703 995 1730 a
1021 1701 1106 1747 quo
1131 1702 1257 1730 nemo
1284 1703 1324 1730 se
1351 1695 1491 1748 potest
1515 1684 1794 1732 abscondere.

552 1757 627 1804 Vl.
672 1756 882 1801 Dicebam
899 1771 998 1814 ergo
1020 1754 1072 1800 de
1088 1755 1208 1811 viris,
1230 1755 1331 1817 quia
1354 1771 1434 1800 nec
1459 1755 1541 1818 ipsi
1565 1756 1653 1801 sine
1671 1754 1864 1818 exemplo

486 1828 651 1874 dimissi
674 1838 788 1874 sunt.
814 1826 904 1872 Viri
928 1826 1053 1882 casti,
1081 1826 1163 1872 viri
1189 1826 1387 1871 timentes
1416 1827 1574 1882 Deum,
1598 1827 1678 1872 viri
1703 1826 1866 1889 quibus

410 1932 413 1943 ,
434 1936 437 1940 ,
487 1898 709 1944 sussiciunt
732 1900 936 1956 conjuges
954 1912 1059 1951 suae,
1083 1896 1162 1942 viri
1184 1896 1260 1958 qui
1283 1913 1370 1941 non
1390 1895 1576 1952 violatis,
1603 1895 1723 1959 quod
1741 1896 1866 1942 vobis

485 1968 640 2015 violari
663 1984 751 2013 non
772 1966 930 2020 vultis;
955 1965 1035 2012 viri
1058 1967 1134 2029 qui
1154 1966 1302 2022 fidem,
1330 1983 1460 2029 quam
1484 1967 1693 2027 exegistis,
1714 1965 1866 2012 reddi-

489 2039 634 2094 distis3
653 2048 873 2103 expectate
890 2047 933 2082 et
946 2053 1020 2084 vos
1039 2053 1107 2083 me
1125 2048 1507 2093 commemorante,
1528 2037 1647 2100 quod
1671 2047 1866 2100 expecta-

489 2110 600 2156 bant
624 2126 772 2155 uxores
797 2118 949 2154 vestrae
971 2108 1130 2153 lectore
1156 2108 1380 2154 recitante.
1409 2108 1496 2152 Nec
1520 2124 1596 2154 vos
1621 2107 1711 2153 sine
1731 2124 1867 2152 exem-

487 2180 563 2244 plo
583 2179 809 2243 Scriptura
831 2178 978 2225 divina
1005 2177 1183 2224 dimisit.
1217 2177 1308 2223 lllae
1342 2178 1581 2222 Susannam
1609 2176 1863 2232 audiebant,

487 2261 530 2297 et
555 2250 600 2296 in
624 2267 671 2296 ea
699 2249 901 2295 vincente
931 2247 1298 2308 gaudebantzvos
1322 2247 1485 2309 Joseph
1517 2245 1749 2299 attendite;
1780 2263 1866 2291 non

487 2320 612 2367 illum
643 2319 827 2381 Joseph,
859 2317 929 2363 cui
960 2317 1216 2380 desponsata
1253 2317 1393 2362 suerat
1427 2317 1549 2376 virgo
1582 2315 1736 2372 Maria,
1768 2333 1867 2379 quae
1914 2337 1942 2366 η

488 2390 660 2456 peperit
685 2388 929 2444 Christum,
946 2405 1047 2433 nam
1066 2387 1135 2432 ille
1160 2387 1403 2451 suspicione
1431 2396 1617 2432 tentatus
1639 2397 1717 2442 est,
1744 2396 1785 2431 et
1811 2386 1866 2431 ab

491 2460 655 2521 Angelo
683 2477 780 2505 mox
805 2469 979 2504 sanatus
1002 2469 1077 2504 est.
1111 2458 1257 2503 Alium
1282 2457 1445 2520 Joseph
1472 2468 1618 2503 sancta
1642 2457 1866 2520 Scriptura

488 2542 684 2585 testatur,
702 2546 830 2592 quem
846 2528 1027 2574 tentavit
1043 2528 1290 2592 impudical
1316 2546 1325 2573 :
1345 2529 1503 2573 amavit
1523 2527 1759 2591 pulchrum
1780 2544 1863 2571 non

491 2612 624 2655 casta,
654 2600 726 2645 sed
751 2616 946 2663 perversa
973 2610 1130 2655 mente,
1164 2599 1237 2644 111ιί
1266 2598 1414 2644 oeulos
1438 2616 1520 2644 non
1550 2597 1760 2653 habehat,
1789 2596 1864 2642 ubi

543 2691 550 2710 ¹
572 2692 654 2720 Gen.
676 2699 787 2724 xxxix,
813 2699 860 2719 12.
