1863 3246
95 299 237 330 smnio
275 295 446 334 ccctxr,
486 295 540 323 ms
576 293 935 323 anserini-:cumn
970 294 1264 328 noirrcoitt‘ii.
1338 281 1430 344 399

59 364 246 419 i'uerint,
272 361 510 425 perituras,
539 358 612 404 sed
645 375 746 404 cum
777 358 1042 405 hauriuntur
1078 373 1325 424 pereuntes,
1362 373 1430 421 et,

0 479 1 484 ,
60 432 179 496 quod
201 441 265 476 est
290 428 573 493 perniciosius
591 465 601 483 ‚
640 427 692 472 de
724 428 895 491 sepulto
929 440 1102 476 mortuo
1131 442 1432 492 argumentum

0 500 1 536 ἶ
61 500 296 567 sepeliendi
309 499 451 546 cordis
465 498 711 554 assumitur,
733 499 978 545 etdicitur:
1001 521 1021 541 <‹
1041 501 1372 561 Manducemus,
1393 515 1435 550 'et

61 594 84 616 »
98 573 305 620 bibamus
322 607 332 626 ,
360 587 453 616 eras
476 569 590 614 enim
611 569 835 616 morimur.
861 590 882 611 »

124 643 199 691 VI.
243 640 432 687 Irrident
466 639 594 684 etiam
634 639 766 685 fidem
812 641 1089 688 asserentium
1122 659 1435 694 resurrecturos

60 731 147 760 esse
169 722 387 769 mortuos,
410 710 599 757 dicentes
625 710 709 756 sibi
732 727 743 755 :
772 711 886 757 Ecce
913 711 992 757 iste
1014 714 1181 776 positus
1210 719 1338 764 estin
1366 736 1435 765 se-

60 783 239 848 pulcro,
272 781 475 829 audiatur
497 798 577 828 vox
604 780 734 828 illius.
774 780 1021 842 Sed-hujus
1046 800 1135 830 non
1156 798 1327 851 potest:
1351 807 1437 853 pa-

61 854 137 901 tris
155 853 241 900 mei
262 870 414 901 vocem
438 852 613 899 audiam
628 889 639 909 ,
665 852 732 898 axi
755 853 866 910 mei,
895 855 1050 917 proavi
1073 856 1170 905 mei.
1208 859 1318 915 Quis
1337 860 1437 906 inde

60 925 270 972 surrexit?
297 924 405 981 Quis
429 923 641 970 indicavit
660 922 768 987 quid
787 934 940 984 agatur
961 925 1080 989 apud
1103 927 1293 976 inferos?
1321 931 1438 977 Bene

60 996 187 1043 nobis
205 995 415 1042 faciamus
433 1032 444 1052 ,
468 1011 569 1040 cum
589 993 775 1042 vivimus
796 1011 807 1039 :
835 1012 936 1041 cum
957 1006 1100 1042 autem
1124 999 1287 1046 mortui
1307 999 1440 1047 fueri-

61 1083 157 1112 mus
172 1103 184 1123 ,
212 1065 379 1112 etiamsi
402 1074 601 1128 parentes
635 1064 796 1120 nostri,
825 1075 901 1110 aut
923 1065 1076 1123 chari,
1102 1080 1177 1114 aut
1197 1071 1440 1134 propinqui

61 1136 240 1182 afferant
272 1133 326 1180 ad
362 1133 560 1197 sepulcra
593 1144 765 1190 nostra,
815 1134 898 1180 sibi
933 1136 1108 1182 afferent
1141 1140 1217 1201 qui
1256 1140 1435 1198 vivunt,

61 1222 150 1252 non
163 1204 290 1250 nobis
308 1203 505 1250 mortuis.
532 1203 587 1248 Et
604 1202 701 1249 haec
715 1203 893 1267 quidem
907 1204 1038 1251 irrisit
1051 1207 1178 1253 etiam
1195 1208 1439 1273 Scriptura,

61 1275 210 1322 dicens
233 1274 287 1321 de
310 1273 575 1338 quibusdam
605 1273 721 1318 bona
746 1274 976 1337 praesentia
1003 1293 1091 1322 non
1121 1280 1435 1326 sentientibus:

63 1368 84 1388 «
103 1346 333 1409 Tanquam
346 1344 381 1391 si
401 1343 570 1408 epulas,
589 1344 751 1407 inquit,
778 1355 950 1390 mortuo
969 1346 1301 1413 circumponasl
1327 1369 1337 1397 :
1360 1373 1379 1392 »
1399 1361 1441 1397 ct

62 1416 338 1463 manifestum
356 1425 420 1461 est
442 1415 527 1462 hoc
547 1415 604 1461 ad
626 1425 818 1461 mortuos
835 1433 922 1462 non
941 1418 1156 1481 pertinere
1170 1457 1182 1478 ,
1203 1433 1243 1467 et
1261 1439 1439 1469 consuc-

64 1487 260 1534 tudinem
276 1487 394 1532 hanc
416 1503 501 1532 esse
517 1503 788 1549 paganorum
807 1523 818 1542 ,
840 1504 928 1532 non
952 1489 1096 1534 venire
1126 1489 1179 1536 dc
1202 1494 1442 1558 propagine

62 1558 136 1604 illa
157 1569 198 1604 et
222 1574 330 1604 vena
351 1556 536 1617 justitiae
569 1567 745 1619 patrum
777 1568 1021 1604 nostrorum
1053 1560 1407 1609 patriarcharum
1426 1600 1439 1621 ,

63 1629 225 1693 quibus
249 1629 447 1692 exequias
467 1627 704 1673 celebratas
720 1646 806 1674 esse
824 1628 1004 1688 legimus
1022 1667 1033 1685 ,
1060 1643 1334 1693 parentatum
1357 1652 1442 1680 csse

65 1717 151 1747 non
174 1699 367 1760 legimus.
399 1699 496 1745 Hoc
515 1699 643 1744 etiam
673 1699 719 1744 in
737 1700 932 1746 moribus
958 1701 982 1745 J
990 1700 1215 1749 udaeorum
1239 1705 1442 1752 animad-

64 1771 173 1818 verti
204 1780 375 1834 potest;
410 1786 496 1815 non
524 1770 639 1815 enim
667 1780 895 1816 tenuerunt
923 1770 1025 1817 inde
1049 1773 1220 1820 virtutis
1248 1775 1440 1837 frugem.

65 1841 138 1888 sed
157 1852 300 1887 tamen
319 1851 548 1886 tenuerunt
562 1840 606 1886 in
626 1841 891 1904 quibusdam
910 1841 1252 1892 solemnitatibus
1269 1864 1447 1894 consuc-

67 1911 228 1958 tudinis
246 1922 519 1959 vetustatem.
555 1913 610 1956 Et
633 1911 752 1975 quod
771 1912 988 1973 objiciunt
1010 1914 1189 1978 quidam
1211 1917 1264 1963 de
1289 1919 1443 1983 Serip-

66 1980 205 2028 turis:
231 2003 252 2023 «
276 1981 437 2042 Frange
475 1999 632 2045 panem
667 1993 818 2039 tuum,
845 1993 887 2028 et
920 1983 1092 2029 effunde
1126 1985 1279 2033 vinum
1317 2000 1443 2034 tuum

65 2073 86 2095 »
106 2069 235 2115 super
258 2051 457 2115 sepulcra
480 2055 698 2112 justorum
720 2090 730 2109 ,
752 2064 794 2098 et
814 2070 867 2099 ne
895 2054 1038 2100 tradas
1062 2072 1161 2101 eum
1180 2058 1401 2118 injustis²;
1424 2082 1444 2102 »

66 2140 153 2168 non
185 2133 248 2168 est
281 2121 458 2185 quidem
491 2122 545 2167 de
578 2123 660 2168 hoc
696 2123 1017 2175 disserendum,
1057 2126 1129 2171 scd
1164 2138 1304 2177 tamen
1324 2148 1445 2193 posse

67 2191 166 2239 dieo
190 2192 425 2253 intelligere
460 2192 606 2238 fideles
629 2192 749 2256 quod
776 2193 944 2241 dictum
977 2204 1052 2242 est.
1096 2197 1205 2243 iNam
1230 2201 1445 2262 quemad-

68 2261 249 2309 modum
266 2263 344 2308 ista
367 2262 511 2309 fideles
530 2263 691 2310 saciant
709 2263 900 2323 religioso
917 2282 1015 2324 erga
1029 2269 1255 2314 memorias
1268 2287 1445 2317 suorum

68 2342 221 2379 notum
240 2343 303 2379 est
330 2332 561 2386 fidelibus3
589 2344 629 2378 et
648 2334 748 2397 quia
774 2351 860 2381 non
886 2345 986 2380 sunt
1007 2336 1086 2381 ista
1109 2338 1353 2386 exhibenda
1376 2343 1446 2387 in—

65 2403 215 2464 justis,
252 2403 297 2450 id
330 2414 416 2461 est,
442 2403 695 2450 infidelibus
712 2441 723 2459 ‚
745 2405 848 2468 quia
871 2426 892 2445 «
911 2406 1064 2451 Justus
1081 2425 1125 2452 cx
1149 2409 1233 2454 tide
1255 2412 1406 2462 vivifi‘,
1430 2435 1448 2453 »

69 2473 199 2520 etiam
225 2472 312 2520 hoc
342 2474 546 2521 fidelibus
576 2486 729 2522 notum
764 2486 840 2523 est.
883 2476 1021 2523 Nemo
1057 2495 1156 2538 crgo
1199 2493 1365 2542 quaerat
1397 2481 1450 2528 de

72 2543 287 2592 medicina
304 2544 485 2603 vulnus,
513 2545 627 2593 etde
654 2546 894 2609 scripturis
925 2557 1107 2594 conetur
1133 2559 1328 2613 torquere
1350 2553 1448 2598 xin-

123 2630 246 2664 ¹lz'cc11.
267 2643 343 2676 nx,
370 2635 423 2667 ιδ.
443 2651 487 2656 -
505 2631 616 2665 ³101».
637 2643 680 2677 ιν,
701 2634 754 2668 18.
775 2650 819 2658 —-
837 2631 851 2658 3
870 2634 989 2669 Κώεω.
1004 2645 1044 2674 ιι,
1060 2641 1095 2679 4,
1113 2642 1143 2668 et
1157 2639 1252 2672 Rom.
1268 2649 1292 2682 i,
1313 2650 1365 2680 ¹7·
