1899 3241
220 305 360 337 SERMO
395 303 530 344 cocu,
568 303 615 334 IN
651 303 950 336 SOLEMNITATE
988 306 1020 336 S.
1064 306 1315 342 LAURENTII.
1392 299 1452 361 69

97 372 208 417 bete.
238 371 382 417 Unum
405 370 510 426 scio,
539 368 657 432 quod
680 386 825 416 omnes
848 387 1017 417 mecum
1040 371 1198 430 sciunt,
1226 375 1270 421 in
1292 376 1375 422 hac
1400 378 1459 424 ci-

96 441 228 487 vitate
243 440 400 488 multas
422 440 605 486 inveniri
628 439 794 497 domos,
819 441 865 487 in
888 441 1048 505 quibus
1070 460 1158 488 non
1183 445 1236 489 sit
1258 446 1324 492 vel
1350 465 1461 494 unus

94 529 314 576 paganus;
347 511 509 558 nullam
542 510 719 557 domum
742 512 950 568 inveniri,
977 512 1055 557 ubi
1080 531 1166 559 non
1194 515 1278 561 sint
1303 517 1458 564 Chris—

95 582 217 629 tiani.
245 583 300 628 Et
318 583 352 628 si
367 582 623 628 discutiatur
643 581 886 642 diligenter,
908 582 1027 628 nulla
1044 583 1196 630 domus
1218 586 1455 646 invenitur,

96 652 173 699 ubi
199 670 286 698 non
307 652 453 716 plures
474 652 711 699 Christiani
735 653 819 698 sint
841 670 972 716 quam
991 655 1162 717 pagani.
1196 656 1354 704 Verum
1377 670 1455 717 est,

95 721 356 769 consentitis.
381 722 544 768 Videtis
567 740 665 783 ergo
688 724 790 786 quia
811 723 923 769 mala
940 741 1026 769 non
1050 725 1217 783 fierent,
1245 728 1279 773 si
1304 729 1459 776 Chris-

95 792 200 838 tiani
222 792 398 840 nollent.
434 794 530 838 Non
563 804 623 838 est
651 793 758 856 quid
784 794 1107 857 respondeatur.
1142 797 1327 844 Occulta
1345 800 1460 846 mala

92 874 265 927 possent
285 864 394 920 fieri,
418 863 597 927 publica
616 882 702 909 non
721 875 911 928 possent,
938 865 1277 929 prohibentibus
1305 869 1459 916 Chris-

92 933 247 986 tianis3
284 934 385 997 quia
421 934 713 998 unusquisque
740 945 902 980 teneret
935 953 1104 981 servum
1134 954 1258 983 suum
1278 975 1288 994 ‚
1324 956 1460 986 unus-

94 1004 275 1067 quisque
297 1015 457 1050 teneret
480 1004 618 1050 filium
643 1022 767 1050 suum
788 1023 799 1050 :
821 1005 1133 1052 adolescentem
1165 1007 1357 1054 domaret
1392 1028 1459 1056 se·-

91 1075 246 1120 veritas
260 1075 410 1138 patris,
433 1076 631 1121 severitas
647 1078 810 1139 patrui,
827 1077 1022 1123 severitas
1037 1078 1246 1138 magistri,
1264 1081 1462 1127 severitas

92 1144 200 1190 boni
219 1145 369 1202 vicini,
398 1147 595 1197 severitas
618 1148 895 1192 correctionis
921 1149 1093 1207 majoris
1119 1149 1264 1212 ipsius
1297 1151 1403 1197 Haec
1426 1152 1460 1197 si

92 1217 152 1262 sic
176 1226 416 1275 agerentur,
438 1234 525 1262 non
549 1217 734 1263 multum
757 1235 832 1263 nos
852 1218 965 1264 mala
983 1220 1298 1267 contristarent.

156 1287 252 1334 XX.
295 1288 460 1333 Fratres
497 1288 604 1341 mei,
634 1288 742 1334 iram
778 1289 858 1333 Dei
890 1289 1033 1336 timeo.
1076 1290 1189 1335 Deus
1220 1308 1306 1337 non
1340 1292 1461 1337 timet

92 1357 253 1404 turbas.
282 1358 423 1414 Quam
449 1359 534 1403 cito
554 1358 738 1404 dicitur:
755 1358 886 1416 Quod
909 1359 1100 1423 populus
1126 1360 1254 1416 fecit,
1284 1360 1458 1406 fecerit:

90 1428 186 1492 quis
219 1438 281 1474 est
314 1429 390 1493 qui
422 1428 613 1475 vindicet
646 1429 890 1493 populum?
925 1430 1087 1485 Ita-ne,
1123 1431 1218 1493 quis
1252 1434 1342 1476 est?
1381 1449 1459 1477 nec

91 1500 233 1545 Deus?
265 1499 428 1545 Timuit
458 1500 571 1544 enim
605 1500 719 1545 Deus
748 1500 995 1546 universum
1027 1501 1256 1549 mundum.
1286 1502 1459 1564 quando

90 1570 190 1616 fecit
207 1570 452 1616 diluvium?
474 1592 494 1612 >³
513 1571 679 1616 Timuit
695 1582 759 1616 tot
777 1571 970 1617 civitates
999 1571 1200 1617 Sodomae
1217 1583 1252 1617 et
1276 1575 1457 1618 Gomor-

90 1640 206 1696 rhae,
242 1641 417 1704 quando
442 1641 608 1687 coelesti
641 1642 797 1687 delevit
825 1643 948 1702 igne?
977 1642 1087 1688 Nolo
1113 1647 1201 1703 jam
1237 1644 1378 1689 dicere
1404 1645 1457 1690 de

88 1711 373 1776 praesentibus
402 1712 539 1768 malis,
569 1722 729 1775 quanta
754 1723 795 1757 et
820 1713 897 1758 ubi
921 1712 1034 1758 facta
1061 1724 1176 1761 sunt.
1205 1724 1246 1758 et
1268 1732 1367 1777 qnae
1391 1732 1457 1759 se-

88 1792 188 1828 cuta
205 1793 321 1839 sunt,
341 1782 440 1828 nolo
460 1799 812 1839 commemorare,
833 1800 886 1828 ne
906 1783 1053 1829 videar
1068 1784 1285 1830 insultare.
1314 1786 1455 1830 Num-

88 1852 195 1917 quid
221 1853 351 1899 inira
375 1871 450 1898 sua
481 1855 660 1913 sejunxit
694 1855 808 1899 Deus
839 1871 909 1900 eos
942 1855 1017 1917 qui
1048 1854 1283 1908 faciebant,
1312 1856 1367 1901 ab
1401 1857 1459 1902 eis

88 1925 163 1988 qui
188 1940 274 1971 non
294 1924 535 1970 faciehant?
563 1924 647 1970 sed
665 1926 807 1985 junxit
828 1942 897 1971 eos
915 1927 991 1990 qui
1014 1925 1249 1981 faciebant,
1279 1944 1378 1972 cnm
1398 1928 1457 1973 cis

87 1995 162 2058 qui
181 2011 267 2040 non
286 1994 594 2057 prohibebant.

151 2065 271 2111 XXI.
316 2064 588 2127 Expliccmus
617 2081 716 2125 ergo
746 2064 979 2128 aliquando
1006 2082 1265 2116 sermonem,
1304 2066 1454 2113 fratres

89 2136 184 2183 mei.
223 2136 461 2181 I‘Iortannur
490 2153 581 2192 vos.
620 2137 895 2181 obsecramus·
929 2154 1002 2180 vos
1038 2155 1113 2199 per
1151 2137 1384 2184 Dominum
1413 2150 1454 2183 ct

86 2211 176 2267 ejus
200 2207 590 2262 mansuetudinem,
618 2218 665 2252 ut
688 2218 905 2252 mansuete
929 2207 1098 2255 vivatis.
1133 2209 1314 2271 pacifice
1339 2209 1453 2255 viva-

87 2278 165 2331 tis;
192 2287 421 2342 potestates
449 2278 586 2323 facere
608 2278 725 2342 quod
744 2278 796 2324 ad
819 2279 911 2324 illas
935 2278 1138 2342 pertinet.
1164 2279 1276 2332 unde
1300 2281 1388 2326 Deo
1413 2292 1454 2325 ‹·t

88 2349 323 2409 majoribus
343 2350 427 2395 suis
444 2349 678 2395 redditnrae
697 2361 794 2396 sunt
821 2351 1045 2402 rationem.
1072 2351 1249 2413 pacifice
1271 2352 1449 2415 permit-

89 2420 569 2485 tatiszquotiescumque
593 2421 823 2485 petendum
849 2432 926 2472 est,
952 2421 1189 2466 honorilice
1213 2433 1249 2466 et
1272 2423 1449 2485 pacifico

85 2491 252 2555 petatiS.
292 2490 402 2537 Cum
435 2492 502 2537 his
524 2493 598 2557 qui
627 2492 734 2538 mala
766 2492 948 2543 faciunt,
984 2503 1025 2536 et
1058 2491 1283 2537 infeliciter
1318 2503 1445 2555 atquc

84 2560 322 2607 inordinate
347 2562 546 2617 saeviunt,
570 2581 652 2608 non
677 2563 1002 2613 v051nisceatis3
1032 2579 1115 2607 non
1145 2561 1302 2606 talibus
1326 2562 1448 2608 sactis

87 2631 152 2678 vel
181 2631 425 2696 spectandis
449 2633 642 2680 interesse
665 2634 862 2696 cupiatis.
897 2633 980 2678 Sed
1008 2643 1218 2695 qnantum
1252 2634 1443 2695 potestis,
