1942 3272
468 293 559 354 390
876 307 911 337 s,
956 305 1197 337 Ancusriul
1232 304 1436 336 muscom

465 384 601 419 mater
621 389 714 419 mea
737 372 801 418 ibi
820 371 1002 437 sepulta.
1036 373 1259 418 Mortuum
1285 369 1518 417 nominasti
1538 379 1582 416 et
1606 370 1842 435 sepultum.

464 444 601 500 Vivis,
633 443 783 490 adhuc
806 454 868 489 est
891 460 993 489 cum
1018 459 1105 506 quo
1129 442 1264 506 loqui.
1293 442 1499 487 Parentes
1520 441 1585 488 tui
1609 441 1849 489 Christiani
1915 443 1918 451 ⁴

462 514 641 561 fuerunt
673 514 719 560 in
749 525 872 578 parte
905 514 1066 560 Donati
1092 531 1102 558 ε
1130 523 1330 579 parentes
1366 529 1516 558 eorum
1551 510 1661 558 forte
1692 522 1736 558 et
1765 512 1850 577 ipsi
1916 527 1918 580 ζ

466 585 723 641 Christiani,
752 586 819 632 avi
852 596 926 632 aut
947 586 1101 649 proavi
1128 595 1243 630 certe
1270 583 1445 649 pagani.
1484 583 1573 640 Qui
1593 600 1691 644 ergo
1716 584 1851 648 primi
1916 581 1919 624 ἕ

462 656 567 705 facti
592 666 693 702 sunt
712 655 967 713 Christiani,
990 673 1091 701 cuin
1108 655 1355 701 extulissent
1377 664 1578 718 parentes
1602 671 1702 700 suos
1718 672 1851 718 paga-
1916 648 1918 675 ὲ

465 743 560 784 nOS,
582 726 801 790 numquid
822 737 973 772 contra
993 725 1220 772 veritatem
1236 724 1386 785 frigidi
1407 724 1612 771 fuerunt?
1634 724 1852 788 numquid

467 797 770 844 auctoritatem
799 809 1075 844 mortuorum
1105 806 1340 861 parentum
1376 795 1512 842 secuti
1543 805 1661 853 sunt,
1697 805 1740 841 et
1762 812 1852 843 non

464 867 613 931 potius
635 868 816 914 mortuis
832 868 1089 932 parentibus
1112 867 1263 915 vivum
1281 865 1508 913 Christum
1529 864 1849 930 praetulerunt?

468 938 516 985 Si
544 955 645 998 ergo
673 938 748 984 hic
776 956 878 986 vera
910 940 1054 985 unitas
1084 949 1147 985 est
1164 976 1175 996 ,
1208 948 1324 984 extra
1353 953 1485 1000 quam
1515 952 1684 982 necesse
1713 947 1777 983 est
1806 936 1852 982 in
1910 948 1911 951 ’

467 1019 679 1054 aeternum
696 1009 911 1065 moriariS,
935 1025 1068 1071 quare
1087 1019 1281 1055 mortuos
1298 1018 1499 1069 parentes
1517 1016 1613 1052 tuos
1629 1006 1750 1070 sequi
1767 1006 1850 1064 vis,
1916 1013 1918 1070 ᾗ

467 1090 663 1125 mortuos
679 1079 762 1125 tihi
787 1091 829 1125 et
846 1081 967 1125 Deo?
990 1079 1112 1135 Quid
1131 1078 1271 1124 dicis?
1295 1075 1521 1140 responde.
1545 1076 1708 1122 Verum
1724 1077 1851 1135 dicis,
1916 1081 1917 1099 ¹

467 1168 555 1196 non
575 1161 637 1196 est
661 1150 764 1214 quid
786 1151 943 1198 dicere.
971 1149 1093 1207 Quid
1114 1150 1179 1196 vis
1197 1147 1388 1195 faciam?
1413 1146 1694 1193 Consuetudo
1710 1148 1854 1193 nescio
1915 1154 1918 1200 Ξ

470 1239 568 1285 quae
590 1233 703 1267 tenet
728 1222 812 1267 sihi
839 1222 1039 1269 homines
1062 1220 1179 1266 tales.
1216 1218 1467 1278 Lethargici
1496 1228 1614 1274 sunt,
1636 1218 1854 1264 contrario
1916 1206 1917 1290 J

469 1293 623 1338 morbo
644 1292 864 1349 laborant,
892 1290 1150 1337 dormiendo
1177 1289 1377 1335 morituri
1403 1298 1516 1335 sunt.
1549 1287 1634 1334 Alii
1659 1288 1855 1352 phrene-
1916 1296 1917 1333 ζ

469 1364 544 1413 tici
561 1374 679 1419 sunt,
698 1362 864 1408 molesti
885 1373 999 1409 sunt.
1022 1362 1131 1407 ¹Nam
1146 1360 1225 1406 etsi
1243 1359 1478 1405 moriturus
1491 1369 1554 1403 est
1569 1358 1851 1419 lethargicus,
1916 1352 1917 1407 s

467 1434 535 1481 vel
564 1434 761 1480 servienti
796 1434 879 1479 sihi
913 1451 1000 1479 non
1041 1443 1103 1478 est
1134 1431 1352 1484 molestus.
1397 1429 1649 1476 Phrenetici
1686 1429 1854 1476 molesti
1914 1439 1917 1482 ,ζ

468 1515 586 1562 sunt,
608 1505 685 1568 qui
705 1515 893 1550 mentem
916 1503 1219 1568 perdiderunt,
1240 1512 1283 1547 et
1304 1500 1444 1547 insani
1469 1511 1599 1563 atque
1617 1500 1769 1547 furiosi
1790 1518 1855 1547 ar·

469 1574 576 1620 niati
597 1586 810 1634 vagantur
834 1575 920 1620 hac
939 1585 1067 1637 atque
1090 1573 1207 1630 illac,
1235 1581 1477 1635 quaerentes
1501 1587 1609 1634 quos
1630 1570 1852 1629 occidant,
1914 1583 1916 1637 j

469 1662 577 1708 quos
601 1656 829 1691 excaeeent.
865 1645 987 1690 Nova
1011 1645 1127 1690 enini
1154 1642 1280 1689 nohis
1305 1641 1506 1687 nuntiata
1533 1651 1652 1698 sunt,
1679 1640 1856 1688 cuidam

466 1716 721 1779 presbytero
751 1726 896 1761 nostro
931 1715 1126 1775 linguam
1158 1711 1459 1759 execuerunt1.
1500 1712 1577 1758 Isti
1606 1711 1854 1775 phrenetici

468 1796 582 1836 sunt.
601 1786 846 1831 Exercenda
857 1797 917 1831 est
931 1786 1138 1842 charitas,
1151 1783 1327 1830 amandi
1349 1794 1390 1828 et
1409 1782 1507 1846 ipsi.
1528 1783 1568 1827 M
1578 1781 1656 1828 ulti
1674 1782 1858 1829 correcti

475 1856 718 1910 fleverunt3
741 1857 870 1903 multi
891 1858 1092 1912 correcti,
1118 1873 1196 1902 nos
1222 1855 1440 1910 novimus,
1464 1853 1519 1898 acl
1542 1870 1619 1899 nos
1647 1863 1858 1900 venerunt

471 1925 525 1971 de
545 1944 724 1972 numero
747 1927 943 1990 ipsorum
966 1927 1242 1972 furiosorum.
1270 1924 1393 1970 Flent
1415 1923 1610 1987 quotidie
1633 1923 1856 1986 praeterita

463 2014 557 2054 sua,
587 2015 666 2042 nec
692 1998 903 2044 satiantur
934 1998 1139 2062 laciyiiiis
1176 1996 1443 2043 attendentes
1466 2011 1616 2040 eorum
1643 1993 1854 2053 furorem,
1912 1997 1915 2042 ἒ

463 2068 540 2131 qui
569 2085 657 2113 non
680 2067 843 2127 digesta
864 2069 1070 2114 ebrietate
1093 2067 1296 2114 vanitatis
1321 2066 1469 2112 adhuc
1499 2065 1698 2112 saeviunt.
1733 2065 1851 2125 Ergo

466 2137 574 2200 quid
594 2137 808 2185 facimus?
829 2138 1009 2184 Talibus
1028 2138 1185 2185 servire
1207 2137 1399 2183 charitas
1418 2136 1547 2197 cogit.
1578 2135 1634 2180 Et
1651 2135 1852 2199 quamvis

468 2207 797 2253 molestisumus
814 2209 986 2272 utrique
1008 2210 1168 2269 generi,
1186 2219 1228 2254 et
1245 2206 1535 2266 lethargicum
1547 2205 1793 2263 excitando,
1811 2216 1854 2253 et
1902 2244 1903 2247 ,

465 2277 773 2341 phreneticum
797 2278 974 2339 ligando
991 2317 1001 2336 ,
1027 2279 1179 2324 ambos
1203 2288 1348 2323 tamen
1375 2293 1583 2324 amamus,

527 2348 606 2395 IX.
646 2348 767 2393 Bona
786 2365 851 2393 res
869 2370 889 2391 «
911 2348 1158 2394 Concordia
1181 2348 1394 2401 fratrum3
1424 2368 1444 2388 >³
1475 2346 1548 2392 sed
1572 2346 1715 2393 videte
1738 2345 1817 2391 ubi
1837 2363 1848 2390 ε

460 2418 506 2463 in
531 2418 708 2464 Christo
728 2456 738 2476 ,
778 2419 1145 2467 Christianorum.
1173 2441 1193 2460 (ε
1214 2420 1270 2463 Et
1304 2435 1424 2463 amor
1460 2416 1757 2480 proximorum
1770 2416 1803 2462 2.
1832 2436 1852 2457 n
1912 2433 1915 2456 ε

462 2487 582 2545 Quid
595 2488 628 2533 si
646 2488 794 2535 adhuc
814 2489 1012 2536 nonduin
1031 2501 1093 2536 est
1111 2489 1243 2536 frater
1257 2490 1304 2535 in
1325 2488 1532 2533 Christo?
1555 2486 1670 2544 Quia
1690 2486 1844 2541 homo,

463 2558 683 2621 proximus
715 2570 799 2613 θεῖς
830 2577 941 2606 ames
977 2572 1017 2606 et
1048 2561 1212 2624 ipsum,
1245 2569 1294 2605 ut
1322 2557 1501 2604 lucreris
1531 2567 1573 2602 et
1603 2557 1765 2620 ipsum.
1802 2556 1832 2601 S

515 2647 524 2668 ¹
544 2647 625 2679 vide
644 2648 811 2691 Augustini
830 2649 924 2693 epist.
953 2650 1029 2682 185.
1051 2660 1082 2683 n.
1109 2651 1160 2682 30.
1175 2646 1248 2672 ...2
1262 2647 1358 2681 Eccli.
1379 2657 1456 2691 xxv,
1477 2658 1511 2682 2.
