1863 3246
230 270 372 299 SERMO
409 267 614 308 (zcchVI,
649 267 703 298 DE
740 265 1147 306 PEREGRINATIONE,
1185 265 1278 297 ETC.
1361 265 1445 314 271

81 335 141 382 ait
165 334 377 380 Dominus
401 350 412 377 ι
441 331 488 378 Si
512 331 574 378 vis
597 332 742 378 venire
760 331 815 378 ad
835 331 970 378 vitam
985 340 1217 384 aeternam;
1241 330 1316 377 sed
1338 348 1348 375 :
1371 352 1391 372 ε(
1413 330 1460 376 Si

80 427 102 448 »
119 404 184 451 vis
201 441 212 460 ‚
236 402 383 466 inquit
397 439 407 458 ‚
430 402 575 448 venire
597 401 652 447 ad
672 402 807 447 vitain
826 438 837 457 ,
858 418 977 448 serva
995 401 1199 446 mandata
1222 419 1232 445 ε
1255 423 1276 442 »
1296 400 1455 447 videli-

80 484 148 521 cet
170 474 256 519 hoc
289 471 471 532 intelligi
495 470 666 527 volens,
702 472 910 534 quonian]
940 487 1039 535 quae
1072 471 1162 516 vita
1183 481 1344 516 aeterna
1367 488 1456 516 non

80 554 167 600 est,
187 560 265 589 nec
289 543 379 588 vita
406 540 591 587 dicenda
613 551 703 595 est3
732 541 836 604 quia
865 558 966 587 vera
991 541 1082 587 vita
1102 541 1273 587 nonnisi
1294 552 1455 588 aeterna

67 624 156 661 -est.
196 613 312 660 Hinc
337 623 380 659 et
415 612 672 676 Apostolus,
701 628 802 658 cum
835 611 1201 674 eleemosynarum
1227 611 1457 657 consilium

79 683 274 731 dandum
297 683 508 731 divitibus
529 682 779 730 admoneret
799 701 810 728 ι
845 704 865 724 «
885 682 1050 729 Divites
1075 682 1190 740 sint,
1215 682 1381 746 inquit,
1409 682 1456 727 in

80 775 100 796 »
118 754 324 818 operibus
341 753 467 800 bonis
483 790 494 810 ,
520 752 646 799 facile
664 753 886 810 tribuant,
912 752 1259 809 communicent,
1284 753 1456 798 thesau-

78 846 100 868 ›>
118 825 253 872 rizent
276 823 359 870 sibi
377 823 710 871 fundamentum
729 823 895 870 bonum
916 823 962 869 in
978 823 1178 869 futurum
1196 861 1207 881 ‚
1228 835 1278 869 ut
1301 840 1455 888 appre-

79 915 101 937 »
119 893 318 941 hendant
334 911 479 941 veram
503 892 678 940 vitaml.
705 915 724 934 »
745 894 891 950 Quam
910 892 1174 940 dixitveram
1197 893 1351 949 vitam,
1376 891 1458 938 nisi

79 975 283 1012 aeternam
322 965 482 1022 vitam,
523 982 622 1028 quae
658 963 747 1010 sola
777 964 867 1010 vita
899 964 1085 1010 dicenda
1118 975 1206 1021 est,
1244 964 1346 1028 quia
1369 962 1459 1008 sola

76 1035 205 1085 beata
224 1039 315 1082 est?
335 1037 448 1081 Nam
467 1036 615 1099 utique
638 1035 701 1081 illi
720 1034 874 1081 divites
893 1073 905 1092 ,
927 1035 1088 1098 quibus
1106 1033 1457 1099 praecipiendum

76 1123 163 1153 esse
187 1105 361 1152 dicebat
385 1115 435 1151 ut
461 1104 842 1169 apprehenderent
872 1122 1019 1152 veram
1042 1106 1202 1161 vitam,
1236 1105 1282 1150 in
1309 1104 1455 1150 abun-

77 1174 227 1223 dantia
255 1175 507 1222 divitiarum
537 1175 767 1221 habebant
792 1176 919 1222 istam
944 1176 1082 1222 vitam
1111 1193 1122 1221 :
1156 1193 1287 1239 quam
1312 1186 1456 1220 tamen

78 1245 309 1310 Apostolus
341 1246 376 1291 si
407 1262 554 1292 veram
580 1245 716 1292 vitam
751 1263 836 1291 esse
868 1245 1110 1306 judicaret,
1141 1263 1231 1292 non
1258 1245 1450 1291 diceret:

76 1336 97 1357 <‹
118 1315 428 1362 Thesaurizent
451 1316 536 1361 sibi
553 1314 889 1362 fundamentum
911 1314 1109 1362 bonum
1096 1333 1143 1362 in
1162 1315 1379 1372 futurum,
1407 1326 1456 1360 ut

78 1407 99 1428 ›>
117 1386 451 1451 apprehendant
475 1403 621 1432 veram
643 1387 811 1433 vitam:
841 1409 862 1429 2>
887 1386 999 1433 nihil
1032 1386 1152 1433 aliud
1187 1386 1451 1440 admonens,

77 1455 157 1502 nisi
179 1473 266 1502 non
283 1472 369 1503 esse
384 1473 529 1502 veram
551 1457 686 1502 vitam
702 1456 789 1503 du
779 1467 917 1511 itum
936 1456 1072 1503 xitam
1087 1474 1250 1520 ‚quae
1239 1457 1295 1502 ab
1314 1456 1457 1502 stultis

79 1543 166 1572 non
191 1526 330 1572 solum
351 1526 578 1583 ve1a‚sed
603 1527 733 1573 etiam
760 1526 889 1573 beata
921 1527 1185 1574 nominatur.
1222 1526 1455 1584 Quomodo

80 1607 223 1644 autem
246 1597 375 1642 beata
399 1608 460 1644 est
476 1634 486 1653 ‚
510 1614 609 1660 quae
635 1613 735 1643 wera
752 1614 840 1643 non
863 1600 957 1643 est'?
984 1597 1083 1643 Non
1102 1614 1200 1657 ergo
1224 1598 1350 1643 beata
1367 1597 1457 1643 vita

78 1677 170 1724 est,
197 1667 278 1713 nisi
301 1684 400 1713 vera
434 1667 545 1721 vi1a3
574 1685 651 1713 nec
677 1686 774 1714 vera
800 1667 890 1715 vita
921 1678 1009 1724 est,
1044 1667 1125 1713 nisi
1159 1677 1317 1713 aeterna
1340 1666 1453 1724 vita,

80 1753 212 1800 quam
234 1736 388 1782 divites
415 1736 718 1797 intelliguntur
733 1755 812 1801 per
831 1736 1047 1800 quaslibet
1065 1736 1244 1783 delicias
1261 1736 1457 1782 nondum

83 1818 249 1862 tenere3
278 1818 320 1854 et
345 1807 441 1854 ideo
464 1826 543 1872 per
566 1807 854 1871 eleemosynas
883 1808 1170 1854 admonentur
1203 1808 1455 1872 apprehen-

81 1877 180 1924 dere
200 1895 210 1923 :
241 1878 354 1924 utin
371 1878 455 1924 fine
474 1877 653 1925 audiant
675 1896 685 1923 :
711 1900 732 1920 «
755 1879 922 1934 Venite,
945 1877 1165 1924 benedicti
1183 1879 1325 1924 Patris
1349 1879 1454 1934 mei,

82 1947 333 2012 »percipite
368 1965 571 2007 regnum,
605 1948 723 2012 quod
757 1949 882 1995 vobis
919 1960 1121 2012 paratum
1154 1960 1215 1994 est
1248 1950 1303 1994 ab
1338 1947 1460 1994 initio

83 2039 103 2059 ›>
124 2016 302 2072 mundi3
331 2017 486 2063 esurivi
518 2018 659 2074 enim,
694 2029 736 2063 et
761 2018 937 2064 dedistis
966 2018 1076 2064 mihi
1107 2017 1411 2064 mutinense-2.
1440 2039 1459 2058 »

84 2089 193 2135 Nam
209 2087 311 2151 quia
334 2088 475 2152 ipsum
499 2106 674 2149 regnum
697 2100 858 2137 aeterna
875 2089 961 2135 vita
978 2100 1038 2134 est
1053 2127 1062 2145 ‚
1090 2089 1222 2153 paulo
1240 2099 1337 2153 post
1356 2105 1458 2136 con-

83 2169 307 2221 sequenter
339 2157 453 2204 iclem
489 2160 698 2205 Dominus
732 2160 918 2207 ostendit
946 2160 1092 2206 dicens
1123 2178 1134 2205 ε
1170 2183 1189 2200 «
1228 2160 1362 2206 Ibunt
1398 2157 1461 2204 illi

86 2249 105 2269 υ
122 2226 166 2274 iu
192 2225 535 2273 combustionem
562 2240 783 2281 aeternam,
807 2230 911 2286 justi
934 2240 1076 2276 autem
1101 2230 1146 2275 in
1172 2230 1305 2277 vitam
1331 2239 1462 2276 zeter-

86 2318 108 2339 »
125 2294 266 2342 nam³.
297 2317 317 2337 >J

152 2365 211 2431 Il.
252 2364 377 2411 Hauc
402 2365 533 2411 vitam
561 2363 698 2409 donec
725 2363 1104 2430 :apprehendamus
1131 2404 1141 2422 ,
1171 2388 1189 2406 «
1214 2365 1463 2425 Peregrina-

90 2459 110 2478 »
128 2453 225 2482 mur
246 2455 267 2481 a
295 2434 481 2481 Domino
499 2472 509 2491 ‚
549 2435 754 2499 quoniam
784 2451 861 2501 per
890 2435 1019 2483 {idem
1046 2435 1346 2495 :nnbuhnnus‚
1376 2455 1461 2484 nou

122 2550 148 2588 ‚¹
168 2560 181 2589 Ἰι
202 2547 285 2583 Tim.
302 2558 343 2587 w,
367 2548 402 2576 us
419 2552 449 2578 et
468 2557 519 2588 ¹9·
534 2562 579 2568 -
596 2545 611 2565 '²
624 2545 741 2580 Manli.
762 2557 836 2586 xxv,
856 2549 892 2583 3¹.
916 2548 1018 2580 e135.
1034 2565 1070 2570 -
1089 2544 1103 2567 3
1123 2546 1203 2578 ibid.
1223 2549 1275 2585 46.
