1863 3246
177 290 318 321 smum
356 290 526 330 accrvi,
566 289 620 320 DE
657 290 757 321 VITA
794 292 847 321 ET
882 289 1082 320 nor-mus
1117 291 1286 325 etiams.
1363 278 1457 340 359

77 359 170 421 ipse
194 356 357 420 aliquid
382 357 583 419 quaesivit
605 374 628 402 a
649 356 862 402 fratribus
886 356 990 413 suis,
1011 373 1091 402 nee
1114 357 1169 402 ab
1192 357 1267 404 illo
1288 369 1351 404 cst
1373 359 1457 405 ali-

77 426 184 491 quid
199 426 446 490 quaesitum.
472 426 604 472 Modo
619 426 720 489 quia
736 437 916 473 ventum
932 436 992 472 est
1011 426 1066 472 ad
1085 426 1205 473 hune
1223 429 1454 476 articulum

77 496 301 561 temporis,
325 514 423 542 cum
454 495 632 542 consilio
654 514 749 542 meo
781 496 929 542 divisit
952 496 1095 560 ipsam
1121 514 1212 542 rem
1231 516 1240 542 :
1258 509 1301 543 et
1323 498 1459 545 dimi-

78 568 196 615 diam
219 567 400 613 donavit
421 567 633 612 fratribus
657 567 761 624 suis,
789 566 1017 613 dimidiam
1045 567 1248 614 Ecclesiae
1272 571 1458 633 pauperi

78 638 122 685 iu
136 638 232 686 loco
251 637 403 683 eodem
424 637 687 684 eonstitutae.

142 708 194 755 V.
237 708 456 754 Diaconus
489 708 670 754 Severus
703 707 785 753 sul)
815 724 901 770 qua
936 707 1017 752 Dei
1048 706 1279 771 disciplina
1310 719 1352 755 et
1375 710 1459 757 fla·-

78 778 187 840 gello
206 779 278 836 sit,
298 781 431 825 nostis
449 797 460 824 :
476 779 623 825 lumen
640 789 786 824 tamen
805 792 894 823 non
910 776 1105 841 perdidit
1125 779 1290 826 mentis.
1316 780 1458 828 Unam

77 850 260 897 domum
290 849 365 895 hic
397 861 559 896 emerat
592 860 773 914 propter
801 859 984 895 matrem
1015 859 1058 894 et
1093 866 1281 896 sororem
1315 869 1455 910 suam,

79 937 185 984 quas
216 919 270 966 de
302 937 378 966 sua
406 921 550 984 patria
582 920 673 966 huc
709 918 984 966 desiderabat
1013 918 1244 967 adducere.
1287 921 1460 969 linierat

78 1001 222 1037 autem
245 1008 331 1036 non
348 1007 425 1037 sua
444 991 649 1055 pecunia,
678 1007 810 1054 quam
835 1007 923 1036 non
944 989 1164 1044 habebat3
1195 990 1268 1037 sed
1287 1008 1334 1037 ex
1363 992 1458 1038 col-

78 1061 237 1107 latione
264 1061 559 1121 religiosorum
592 1062 802 1118 virorum,
830 1078 938 1125 quos
962 1060 1073 1106 mihi
1097 1062 1308 1124 quaerenti
1331 1063 1461 1110 etiam

78 1132 306 1179 nominans
329 1131 553 1180 indicavit.
585 1133 649 1178 De
676 1133 771 1196 ipsa
792 1149 878 1178 non
909 1149 1084 1196 possum
1105 1132 1246 1178 dicere
1266 1133 1374 1198 quid
1391 1134 1459 1181 fe-

78 1204 202 1258 eerit,
229 1213 304 1249 aut
329 1203 435 1266 quid
462 1203 686 1267 disponat,
712 1203 793 1249 nisi
818 1203 921 1266 quia
944 1213 1085 1248 totum
1109 1214 1152 1249 et
1172 1204 1264 1267 ipse
1290 1206 1334 1250 in
1366 1222 1459 1253 mea

80 1274 225 1338 posuit
240 1273 481 1330 voluntate,
502 1284 549 1319 ut
567 1273 786 1337 quidquid
802 1274 893 1336 ipse
909 1272 1080 1329 vellem,
1097 1272 1184 1320 hoc
1203 1274 1303 1320 inde
1318 1276 1452 1324 fieret.

81 1345 166 1392 Sed
183 1345 321 1392 hahet
348 1345 555 1409 quasdam
582 1362 731 1391 causas
748 1362 848 1390 cum
870 1355 1002 1390 matre
1022 1360 1114 1399 sua,
1139 1362 1325 1408 quarum
1350 1364 1459 1393 cau-

79 1433 220 1463 sarum
246 1433 314 1462 me
328 1415 521 1476 judicem
542 1416 719 1480 posuit3
743 1427 791 1461 ut
809 1432 910 1461 cum
929 1414 1015 1461 illae
1032 1432 1173 1462 causae
1187 1415 1350 1462 fuerint
1369 1428 1458 1463 ter-

78 1487 274 1543 minatae‚
296 1488 370 1532 fiat
388 1486 440 1532 de
460 1487 553 1550 ipsa
572 1486 702 1532 domo
722 1485 840 1550 quod
857 1503 934 1545 ego
953 1485 1145 1532 voluero.
1174 1486 1293 1542 Quid
1313 1498 1456 1533 autem

78 1556 188 1603 velle
221 1567 374 1620 potero
408 1557 500 1602 Deo
539 1566 728 1616 regente,
766 1555 848 1601 nisi
883 1555 1002 1619 quod
1035 1555 1204 1614 justitia
1231 1556 1375 1615 jubet,
1417 1568 1458 1603 et

79 1628 216 1692 pietas
241 1626 464 1690 postulat?
497 1626 643 1672 Habet
667 1626 798 1672 etiam
820 1626 864 1672 in
889 1625 1029 1688 patria
1050 1642 1126 1670 sua
1150 1624 1316 1689 aliquos
1336 1626 1457 1686 agel-

79 1698 142 1744 los
160 1715 170 1743 :
189 1696 380 1760 disponit
399 1714 468 1742 eos
486 1697 546 1742 sie
564 1697 840 1751 distribuere,
865 1706 913 1742 ut
931 1696 1061 1741 etiam
1080 1694 1168 1741 illic
1193 1695 1238 1742 iu
1264 1696 1337 1743 illo
1360 1696 1456 1744 loco

81 1768 234 1832 positae
259 1767 441 1830 pauperi
468 1766 675 1827 largiatur
702 1766 922 1813 Ecclesiae.

145 1838 219 1885 Vl.
264 1838 481 1884 Diacouus
523 1838 814 1901 Hipponensis
852 1837 986 1883 homo
1024 1854 1193 1901 pauper
1223 1848 1310 1894 est,
1348 1838 1456 1902 quid

80 1908 209 1956 alicui
233 1907 443 1964 conserat,
470 1926 557 1954 non
583 1908 719 1954 habet
735 1926 746 1954 ι
765 1918 909 1954 tamen
931 1907 984 1954 de
1010 1907 1236 1954 laboribus
1265 1908 1351 1954 suis
1374 1926 1457 1955 an·

82 1990 256 2043 tequam
279 1989 384 2024 esset
411 1978 593 2026 clericus
621 1990 782 2025 emerat
811 1979 978 2042 aliquos
1002 1978 1207 2034 servulos,
1236 1978 1369 2025 hodie
1400 1978 1458 2026 il-

81 2050 144 2096 los
169 2050 213 2095 iu
242 2061 479 2114 conspeetu
511 2061 650 2096 vestro
683 2051 1020 2096 manumissurus
1047 2060 1110 2096 est
1135 2049 1458 2114 episcopalil.us

83 2121 237 2168 Uesti-⁸⁸.
1418 2171 1422 2175 ,

147 2191 246 2239 Vll.
291 2191 507 2238 Diaconus
540 2190 735 2237 liraclius
760 2202 858 2237 ante
881 2200 1041 2237 vestros
1065 2190 1212 2237 oculos
1236 2202 1459 2247 versatur,

83 2278 212 2326 opera
237 2265 328 2322 ejus
357 2261 503 2308 lucent
527 2281 672 2309 coram
698 2262 834 2308 oculis
861 2262 1022 2309 vestris.
1059 2263 1120 2307 l)e
1144 2278 1273 2325 opere
1301 2265 1391 2321 ejus
1418 2274 1460 2309 ct

83 2349 262 2396 expensa
279 2333 458 2395 pecunia
479 2333 727 2379 Memoriam
742 2334 877 2378 sancti
899 2335 1029 2396 Marti
1045 2334 1098 2378 ris
1112 2332 1373 2395 hal›‹·mus(1
1399 2335 1453 2395 ι).

85 2403 148 2448 De
175 2403 354 2466 pecunia
374 2419 447 2448 sua
469 2404 573 2448 emit
593 2403 719 2448 etiam
746 2403 1048 2465 possessiouem
1067 2421 1113 2447 vx
1132 2402 1310 2447 sensili«)
1339 2421 1457 2448 meo:

85 2491 182 2521 uam
213 2474 348 2537 ipsam
387 2475 613 2536 pecuniam
641 2473 810 2519 xolvbat
839 2491 914 2536 per
951 2491 1103 2519 manus
1131 2490 1243 2517 meas
1267 2474 1430 2532 erogari
1450 2510 1460 2527 ‚

85 2545 195 2590 sicut
226 2544 330 2590 milii
367 2544 565 2606 placeret.
610 2546 697 2602 lig-0
728 2544 759 2588 si
796 2545 993 2607 pecuniae
1026 2543 1176 2588 :nidus
1200 2560 1355 2593 esseni.
1390 2554 1462 2589 aut

86 2615 351 2661 11<·‹·‹*ssi[;·.1‹·>·
385 2632 495 2660 meas
526 2616 652 2677 ipsas.
681 2632 788 2676 quas
825 2632 900 2677 pro
935 2614 1200 2677 pauperibus
1229 2613 1386 2667 haben,
1415 2615 1458 2660 iu
