1999 3282
519 343 580 390 56
936 365 969 396 s,
1013 362 1257 396 Arersrml
1292 362 1495 394 EP1scm³1

520 444 542 465 ³>
560 441 639 470 nec
682 426 795 472 auris
831 427 998 476 audivit
1013 469 1023 487 ,
1061 447 1140 476 nec
1183 429 1230 475 in
1270 446 1345 475 cor
1378 428 1570 476 hominis
1610 429 1855 477 ascendit1‘?
1874 452 1896 473 n

522 494 697 542 Calcate
717 496 916 546 deorsum
941 501 1077 564 quid;
1116 501 1219 565 quia
1244 499 1358 546 nihil
1386 511 1448 545 est
1478 518 1489 546 ε
1529 511 1696 564 sperate
1730 519 1898 548 sursum

518 565 650 629 quid3
672 568 774 631 quia
790 570 993 633 explicari
1012 589 1099 617 non
1120 581 1275 635 potest.
1304 571 1359 615 Et
1376 569 1493 616 hanc
1511 570 1643 616 fidem
1661 571 1892 630 habentes,

516 636 648 683 nolite
671 638 806 685 zelare
827 640 875 686 in
908 642 1236 706 peccatoribUS,
1276 640 1453 704 quando
1487 640 1644 686 videtis
1669 658 1740 687 eos
1773 642 1897 705 quasi

515 707 660 754 :felices
677 746 688 765 ,
714 708 821 756 falso
838 711 980 758 felices
995 752 1005 771 ‚
1033 730 1180 759 revera
1217 711 1420 759 infelices.
1453 712 1507 756 Et
1529 729 1604 758 vos
1628 733 1648 754 «
1665 713 1897 759 Laetamini

517 779 602 824 »in
626 780 856 829 Domin02.
888 805 908 824 »
933 785 989 830 Et
1023 785 1057 830 si
1092 783 1265 829 habetis
1301 782 1411 827 forte
1448 783 1689 829 secundum
1723 794 1896 848 tempus

516 850 712 908 divitias,
739 851 924 900 honores
943 893 953 912 ,
977 865 1210 920 potestates
1224 892 1235 902 .
1262 853 1396 899 nolite
1419 853 1520 900 inde
1540 872 1616 901 vos
1630 865 1784 919 putare
1803 854 1896 901 feli-

516 938 598 968 ces.
634 922 795 969 Scienti
823 923 963 971 laetari
987 926 1033 972 in
1062 926 1251 971 Domino
1271 963 1282 982 ,
1309 936 1350 971 et
1373 925 1630 986 intelligenti
1647 926 1693 971 in
1711 926 1897 972 novissi-

495 1011 586 1039 ‘ma
600 1030 610 1050 ,
634 993 815 1041 felicitas
839 996 993 1042 mundi
1010 1014 1098 1043 non
1118 1007 1180 1043 est
1200 996 1342 1042 honor
1357 1033 1368 1052 ,
1390 995 1463 1042 sed
1482 1013 1604 1044 onus,
1632 996 1746 1042 Felix
1763 996 1897 1043 homo

515 1064 754 1111 secundum
778 1066 987 1114 saeculum
1019 1067 1316 1131 periclitatur,
1353 1084 1406 1112 ne
1429 1066 1525 1131 ipsa
1551 1066 1756 1113 felicitate
1771 1104 1784 1124 ,
1809 1084 1899 1114 non

514 1136 561 1182 in
578 1152 759 1200 corpore
772 1175 783 1193 ,
806 1137 880 1183 sed
896 1138 942 1183 in
963 1139 1106 1184 anima
1125 1149 1448 1202 corrumpatur.
1484 1139 1594 1183 Nam
1617 1139 1698 1183 ista
1713 1137 1898 1184 felicitas

515 1205 623 1252 falsa
643 1217 717 1254 est.
750 1207 874 1254 Tales
888 1246 900 1265 ,
927 1209 1004 1255 etsi
1022 1208 1228 1255 videntur
1254 1207 1419 1272 ahquid
1440 1224 1526 1253 esse
1543 1208 1589 1254 in
1607 1207 1696 1254 hoc
1717 1208 1894 1267 saeculo,

517 1295 606 1323 non
635 1277 868 1336 laetantur,
903 1279 950 1325 in
977 1280 1211 1343 praeceptis
1238 1279 1418 1324 Domini
1444 1278 1730 1325 delectantur.
1773 1280 1808 1323 T
1813 1297 1899 1326 unc

517 1348 636 1413 quod
654 1349 783 1410 jubet
806 1351 921 1396 Deus
937 1389 946 1407 ,
981 1351 1258 1415 preeponitur
1287 1350 1452 1396 mundo
1469 1389 1479 1397 .
1518 1361 1560 1396 et
1589 1350 1835 1397 blandienti
1857 1362 1900 1397 et

515 1420 701 1466 minanti
725 1438 735 1465 :
763 1421 958 1468 calcatur
976 1439 1102 1467 omne
1132 1421 1301 1467 visibile
1317 1459 1328 1478 ,
1365 1421 1596 1475 transitur3
1634 1421 1868 1482 cogitando
1884 1459 1896 1478 ,

517 1509 606 1538 non
643 1492 934 1550 ambulando,
972 1493 1191 1540 transitur.
1239 1494 1338 1539 Non
1374 1493 1460 1538 dixi
1475 1531 1485 1549 ‚
1533 1510 1659 1538 omne
1701 1493 1896 1547 visibile3

515 1561 641 1608 facile
664 1573 726 1608 est
744 1564 858 1609 enim
883 1565 1063 1610 transire
1084 1564 1202 1628 quod
1234 1564 1375 1609 calcas
1407 1582 1417 1608 :
1450 1563 1525 1610 sed
1551 1563 1759 1609 transitur
1775 1601 1786 1619 ‚
1813 1564 1900 1610 dixi

518 1650 644 1679 omne
666 1634 890 1682 mutabile.
920 1636 1139 1692 Quoniam
1165 1634 1384 1698 quidquid
1417 1634 1588 1680 visibile
1606 1672 1616 1691 ‚
1651 1634 1863 1680 mutabile
1884 1652 1896 1680 ε

516 1722 605 1751 non
624 1715 767 1751 autem
792 1706 1011 1770 quidquid
1036 1706 1268 1762 mutabile,
1296 1705 1466 1751 visibile
1488 1723 1498 1750 ε
1535 1705 1637 1769 quia
1660 1717 1703 1752 et
1731 1706 1902 1752 animus

518 1775 742 1822 mutabilis
779 1787 869 1833 est,
909 1788 951 1823 et
982 1789 1127 1823 tamen
1153 1776 1396 1822 invisibilis.
1429 1776 1582 1821 Transi
1615 1793 1742 1822 omne
1780 1776 1900 1841 quod

519 1845 714 1899 videtur3
739 1846 876 1892 transi
892 1859 935 1893 et
952 1847 1071 1911 quod
1100 1864 1187 1893 non
1208 1846 1383 1892 videtur
1396 1884 1407 1902 ,
1436 1857 1477 1891 et
1505 1857 1651 1892 tamen
1668 1857 1863 1894 mutatur
1884 1865 1896 1893 ι

520 1927 568 1962 ut
594 1916 738 1963 venias
761 1917 816 1963 ad
840 1935 940 1963 eum
956 1955 966 1973 ,
995 1919 1070 1981 qui
1094 1935 1173 1964 nec
1207 1917 1402 1973 videtur,
1431 1935 1510 1963 nec
1538 1928 1747 1965 mutatur.
1785 1918 1900 1964 Cum

518 1988 685 2033 veneris
704 1987 759 2033 ad
781 2006 903 2044 eum,
924 1988 1066 2033 venies
1092 1989 1146 2033 ad
1169 1990 1322 2033 Deum.

584 2058 662 2103 IX.
696 2057 781 2103 Sed
798 2058 929 2103 modo
946 2058 1121 2104 ambula
1138 2076 1184 2103 ex
1199 2058 1307 2111 lide,
1332 2075 1470 2103 mores
1495 2075 1723 2122 compone.
1751 2059 1898 2120 Longe

519 2130 565 2175 in
583 2128 668 2174 alto
692 2139 754 2173 est
770 2127 841 2174 ille
865 2146 875 2172 ι
903 2129 1023 2174 nutri
1044 2146 1222 2192 pennas.
1257 2128 1396 2173 Crede
1413 2129 1531 2191 quod
1556 2129 1752 2175 nondum
1776 2142 1899 2194 potes

519 2199 664 2245 videre
682 2236 692 2255 ,
724 2209 773 2244 ut
800 2199 998 2244 merearis
1018 2199 1163 2244 vidore
1188 2199 1307 2262 quod
1332 2198 1483 2246 credis,
1516 2201 1745 2264 Tanquam
1767 2218 1898 2265 pere-

521 2270 631 2332 grini
653 2270 848 2316 vivamus
865 2308 876 2327 ,
902 2269 1079 2316 transire
1108 2289 1185 2316 nos
1209 2271 1474 2331 cogitemus3
1501 2282 1542 2316 et
1566 2272 1707 2317 minus
1736 2289 1898 2336 pecca-

519 2343 677 2388 bimus.
712 2342 901 2401 Agamus
924 2342 1071 2405 potius
1096 2342 1284 2388 Domino
1310 2344 1400 2388 Deo
1419 2353 1565 2389 nostro
1590 2343 1768 2403 gratias,
1793 2345 1897 2408 quia
1951 2379 1956 2384 .

519 2413 653 2473 hujus
670 2412 773 2457 ritae
793 2411 995 2457 ultimum
1021 2412 1135 2458 diem
1159 2424 1201 2458 et
1217 2413 1394 2459 brevem
1417 2431 1503 2459 esse
1529 2413 1668 2459 voluit
1688 2424 1730 2459 et
1751 2415 1896 2461 incer-

518 2494 626 2529 tum.
660 2484 694 2528 A
719 2483 861 2546 prima
884 2482 1066 2528 infantia
1092 2500 1226 2546 usque
1256 2484 1310 2529 ad
1340 2484 1605 2549 decrepitam
1631 2496 1896 2532 senectutem

515 2553 647 2599 breve
672 2554 859 2617 spatium
886 2563 960 2600 est.
990 2554 1075 2609 Qui
1098 2565 1184 2599 tam
1205 2554 1280 2600 diu
1301 2556 1462 2601 vixerat
1479 2594 1488 2605 .
1516 2555 1624 2619 quid
1642 2556 1680 2601 ei
1699 2556 1895 2620 profuis-

519 2635 579 2671 set
598 2625 631 2670 si
657 2624 796 2671 Adam
818 2624 948 2670 hodie
972 2636 1166 2672 mortuus
1190 2630 1325 2674 esset?
1346 2627 1466 2684 Quid
1487 2627 1563 2673 diu
1585 2638 1647 2673 est
1663 2665 1674 2684 ‚
1698 2627 1778 2674 ubi
1796 2628 1894 2675 finis

570 2713 580 2736 1
609 2725 620 2744 1
638 2716 715 2746 Cor.
736 2725 774 2753 11,
791 2725 822 2755 9.
841 2732 886 2738 —
901 2712 916 2735 2
932 2714 1014 2748 Psal.
1034 2725 1124 2753 xxm,
1146 2726 1197 2748 ιι,
