<?xml version="1.0" encoding="UTF-8"?>
<!DOCTYPE html PUBLIC "-//W3C//DTD XHTML 1.0 Transitional//EN"
    "http://www.w3.org/TR/xhtml1/DTD/xhtml1-transitional.dtd">
<html xmlns="http://www.w3.org/1999/xhtml" xml:lang="en" lang="en">
 <head>
  <title>
</title>
<meta http-equiv="Content-Type" content="text/html;charset=utf-8" />
  <meta name='ocr-system' content='tesseract 3.04.00' />
  <meta name='ocr-capabilities' content='ocr_page ocr_carea ocr_par ocr_line ocrx_word'/>
</head>
<body>
  <div class='ocr_page' id='page_1' title='image "./operaomniaaccura21auguuoft_0437.png"; bbox 0 0 1863 3246; ppageno 0'>
   <div class='ocr_carea' id='block_1_1' title="bbox 16 2597 23 2834">
    <p class='ocr_par' dir='ltr' id='par_1_1' title="bbox 16 2597 23 2834">
     <span class='ocr_line' id='line_1_1' title="bbox 16 2597 23 2834; baseline 0 412"><span class='ocrx_word' id='word_1_1' title='bbox 16 2597 23 2834; x_wconf 95' lang='lat' dir='ltr'> </span> 
     </span>
    </p>
   </div>
   <div class='ocr_carea' id='block_1_2' title="bbox 103 353 1434 409">
    <p class='ocr_par' dir='ltr' id='par_1_2' title="bbox 103 353 1434 409">
     <span class='ocr_line' id='line_1_2' title="bbox 103 353 1434 409; baseline 0.005 -15"><span class='ocrx_word' id='word_1_2' title='bbox 103 363 246 397; x_wconf 84' lang='lat' dir='ltr'>SERMO</span> <span class='ocrx_word' id='word_1_3' title='bbox 280 364 471 405; x_wconf 82' lang='lat' dir='ltr'>CCCLXII,</span> <span class='ocrx_word' id='word_1_4' title='bbox 509 362 565 394; x_wconf 87' lang='lat' dir='ltr'>DE</span> <span class='ocrx_word' id='word_1_5' title='bbox 600 361 961 396; x_wconf 81' lang='lat' dir='ltr'>RESURRECTIONE</span> <span class='ocrx_word' id='word_1_6' title='bbox 995 363 1289 399; x_wconf 78' lang='lat' dir='ltr'>MORTUORL&#39;M.</span> <span class='ocrx_word' id='word_1_7' title='bbox 1346 353 1434 409; x_wconf 60' lang='lat'>[121</span> 
     </span>
    </p>
   </div>
   <div class='ocr_carea' id='block_1_3' title="bbox 64 428 1448 2734">
    <p class='ocr_par' dir='ltr' id='par_1_3' title="bbox 64 428 1442 1548">
     <span class='ocr_line' id='line_1_3' title="bbox 70 428 1442 493; baseline 0.004 -17"><span class='ocrx_word' id='word_1_8' title='bbox 70 429 156 476; x_wconf 84' lang='lat' dir='ltr'>fide</span> <span class='ocrx_word' id='word_1_9' title='bbox 177 429 431 486; x_wconf 83' lang='lat' dir='ltr'>christiana,</span> <span class='ocrx_word' id='word_1_10' title='bbox 462 439 504 474; x_wconf 90' lang='lat' dir='ltr'>et</span> <span class='ocrx_word' id='word_1_11' title='bbox 525 428 715 493; x_wconf 82' lang='lat' dir='ltr'>perfecta</span> <span class='ocrx_word' id='word_1_12' title='bbox 739 440 839 475; x_wconf 89' lang='lat' dir='ltr'>sunt</span> <span class='ocrx_word' id='word_1_13' title='bbox 865 429 1067 493; x_wconf 75' lang='lat' dir='ltr'>quaedam</span> <span class='ocrx_word' id='word_1_14' title='bbox 1090 432 1442 482; x_wconf 79' lang='lat' dir='ltr'>machinamenta</span> 
     </span>
     <span class='ocr_line' id='line_1_4' title="bbox 70 499 1441 567; baseline 0.004 -21"><span class='ocrx_word' id='word_1_15' title='bbox 70 500 336 564; x_wconf 85' lang='lat' dir='ltr'>temporalia.</span> <span class='ocrx_word' id='word_1_16' title='bbox 372 499 584 546; x_wconf 88' lang='lat' dir='ltr'>Dominus</span> <span class='ocrx_word' id='word_1_17' title='bbox 615 499 729 544; x_wconf 86' lang='lat' dir='ltr'>enim</span> <span class='ocrx_word' id='word_1_18' title='bbox 760 510 903 545; x_wconf 87' lang='lat' dir='ltr'>noster</span> <span class='ocrx_word' id='word_1_19' title='bbox 933 500 1056 546; x_wconf 88' lang='lat' dir='ltr'>Jesus</span> <span class='ocrx_word' id='word_1_20' title='bbox 1088 500 1289 549; x_wconf 88' lang='lat' dir='ltr'>Christus</span> <span class='ocrx_word' id='word_1_21' title='bbox 1320 504 1441 567; x_wconf 88' lang='lat' dir='ltr'>quod</span> 
     </span>
     <span class='ocr_line' id='line_1_5' title="bbox 69 570 1436 634; baseline 0.003 -18"><span class='ocrx_word' id='word_1_22' title='bbox 69 570 310 627; x_wconf 78' lang='lat' dir='ltr'>resurrexit,</span> <span class='ocrx_word' id='word_1_23' title='bbox 345 579 608 616; x_wconf 86' lang='lat' dir='ltr'>transactum</span> <span class='ocrx_word' id='word_1_24' title='bbox 636 579 719 621; x_wconf 82' lang='lat' dir='ltr'>est3</span> <span class='ocrx_word' id='word_1_25' title='bbox 750 586 889 632; x_wconf 89' lang='lat' dir='ltr'>neque</span> <span class='ocrx_word' id='word_1_26' title='bbox 911 570 1024 615; x_wconf 88' lang='lat' dir='ltr'>enim</span> <span class='ocrx_word' id='word_1_27' title='bbox 1050 570 1194 617; x_wconf 83' lang='lat' dir='ltr'>adhuc</span> <span class='ocrx_word' id='word_1_28' title='bbox 1224 575 1436 634; x_wconf 82' lang='lat' dir='ltr'>resurgit:</span> 
     </span>
     <span class='ocr_line' id='line_1_6' title="bbox 69 639 1441 707; baseline 0.003 -22"><span class='ocrx_word' id='word_1_29' title='bbox 69 652 110 686; x_wconf 91' lang='lat' dir='ltr'>et</span> <span class='ocrx_word' id='word_1_30' title='bbox 133 641 251 704; x_wconf 91' lang='lat' dir='ltr'>quod</span> <span class='ocrx_word' id='word_1_31' title='bbox 272 641 464 687; x_wconf 87' lang='lat' dir='ltr'>ascendit</span> <span class='ocrx_word' id='word_1_32' title='bbox 485 640 529 685; x_wconf 87' lang='lat' dir='ltr'>in</span> <span class='ocrx_word' id='word_1_33' title='bbox 552 639 731 695; x_wconf 78' lang='lat' dir='ltr'>coelum,</span> <span class='ocrx_word' id='word_1_34' title='bbox 758 650 1021 685; x_wconf 85' lang='lat' dir='ltr'>transactum</span> <span class='ocrx_word' id='word_1_35' title='bbox 1044 652 1135 695; x_wconf 78' lang='lat' dir='ltr'>est3</span> <span class='ocrx_word' id='word_1_36' title='bbox 1165 660 1301 707; x_wconf 84' lang='lat' dir='ltr'>neque</span> <span class='ocrx_word' id='word_1_37' title='bbox 1327 644 1441 689; x_wconf 89' lang='lat' dir='ltr'>enim</span> 
     </span>
     <span class='ocr_line' id='line_1_7' title="bbox 69 710 1441 773; baseline 0.002 -16"><span class='ocrx_word' id='word_1_38' title='bbox 69 711 216 757; x_wconf 86' lang='lat' dir='ltr'>adhuc</span> <span class='ocrx_word' id='word_1_39' title='bbox 235 711 439 758; x_wconf 88' lang='lat' dir='ltr'>ascendit.</span> <span class='ocrx_word' id='word_1_40' title='bbox 472 710 602 768; x_wconf 84' lang='lat' dir='ltr'>Quod</span> <span class='ocrx_word' id='word_1_41' title='bbox 624 720 766 755; x_wconf 87' lang='lat' dir='ltr'>autem</span> <span class='ocrx_word' id='word_1_42' title='bbox 781 711 826 755; x_wconf 87' lang='lat' dir='ltr'>in</span> <span class='ocrx_word' id='word_1_43' title='bbox 842 710 914 756; x_wconf 82' lang='lat' dir='ltr'>illa</span> <span class='ocrx_word' id='word_1_44' title='bbox 941 711 1028 756; x_wconf 76' lang='lat' dir='ltr'>vita</span> <span class='ocrx_word' id='word_1_45' title='bbox 1046 721 1123 767; x_wconf 85' lang='lat' dir='ltr'>est,</span> <span class='ocrx_word' id='word_1_46' title='bbox 1146 712 1224 758; x_wconf 85' lang='lat' dir='ltr'>ubi</span> <span class='ocrx_word' id='word_1_47' title='bbox 1240 717 1332 773; x_wconf 86' lang='lat' dir='ltr'>jam</span> <span class='ocrx_word' id='word_1_48' title='bbox 1352 731 1441 760; x_wconf 91' lang='lat' dir='ltr'>non</span> 
     </span>
     <span class='ocr_line' id='line_1_8' title="bbox 68 781 1440 846; baseline 0.002 -19"><span class='ocrx_word' id='word_1_49' title='bbox 68 782 268 838; x_wconf 86' lang='lat' dir='ltr'>moritur,</span> <span class='ocrx_word' id='word_1_50' title='bbox 293 792 335 827; x_wconf 89' lang='lat' dir='ltr'>et</span> <span class='ocrx_word' id='word_1_51' title='bbox 354 800 468 827; x_wconf 89' lang='lat' dir='ltr'>mors</span> <span class='ocrx_word' id='word_1_52' title='bbox 488 782 525 826; x_wconf 87' lang='lat' dir='ltr'>ei</span> <span class='ocrx_word' id='word_1_53' title='bbox 547 781 657 826; x_wconf 85' lang='lat' dir='ltr'>ultra</span> <span class='ocrx_word' id='word_1_54' title='bbox 680 797 763 827; x_wconf 89' lang='lat' dir='ltr'>non</span> <span class='ocrx_word' id='word_1_55' title='bbox 784 781 1107 835; x_wconf 81' lang='lat' dir='ltr'>dominabitur3</span> <span class='ocrx_word' id='word_1_56' title='bbox 1130 783 1248 846; x_wconf 88' lang='lat' dir='ltr'>quod</span> <span class='ocrx_word' id='word_1_57' title='bbox 1267 784 1374 830; x_wconf 69' lang='lat' dir='ltr'>vivit</span> <span class='ocrx_word' id='word_1_58' title='bbox 1395 785 1440 830; x_wconf 86' lang='lat' dir='ltr'>in</span> 
     </span>
     <span class='ocr_line' id='line_1_9' title="bbox 67 850 1439 916; baseline 0.002 -19"><span class='ocrx_word' id='word_1_59' title='bbox 67 862 277 898; x_wconf 84' lang='lat' dir='ltr'>aeternum</span> <span class='ocrx_word' id='word_1_60' title='bbox 302 852 431 897; x_wconf 84' lang='lat' dir='ltr'>etiam</span> <span class='ocrx_word' id='word_1_61' title='bbox 458 852 550 916; x_wconf 84' lang='lat' dir='ltr'>ipsa</span> <span class='ocrx_word' id='word_1_62' title='bbox 573 851 619 896; x_wconf 80' lang='lat' dir='ltr'>in</span> <span class='ocrx_word' id='word_1_63' title='bbox 641 850 716 896; x_wconf 87' lang='lat' dir='ltr'>illo</span> <span class='ocrx_word' id='word_1_64' title='bbox 736 861 890 896; x_wconf 83' lang='lat' dir='ltr'>natura</span> <span class='ocrx_word' id='word_1_65' title='bbox 906 850 1116 908; x_wconf 78' lang='lat' dir='ltr'>humana,</span> <span class='ocrx_word' id='word_1_66' title='bbox 1144 869 1274 916; x_wconf 88' lang='lat' dir='ltr'>quam</span> <span class='ocrx_word' id='word_1_67' title='bbox 1299 855 1439 900; x_wconf 87' lang='lat' dir='ltr'>susci-</span> 
     </span>
     <span class='ocr_line' id='line_1_10' title="bbox 65 921 1438 986; baseline 0.002 -19"><span class='ocrx_word' id='word_1_68' title='bbox 65 938 185 986; x_wconf 86' lang='lat' dir='ltr'>pere,</span> <span class='ocrx_word' id='word_1_69' title='bbox 211 933 253 968; x_wconf 90' lang='lat' dir='ltr'>et</span> <span class='ocrx_word' id='word_1_70' title='bbox 278 924 321 968; x_wconf 89' lang='lat' dir='ltr'>in</span> <span class='ocrx_word' id='word_1_71' title='bbox 346 940 432 986; x_wconf 78' lang='lat' dir='ltr'>qua</span> <span class='ocrx_word' id='word_1_72' title='bbox 454 922 590 975; x_wconf 85' lang='lat' dir='ltr'>nasci,</span> <span class='ocrx_word' id='word_1_73' title='bbox 610 921 713 967; x_wconf 88' lang='lat' dir='ltr'>etin</span> <span class='ocrx_word' id='word_1_74' title='bbox 737 938 823 984; x_wconf 83' lang='lat' dir='ltr'>qua</span> <span class='ocrx_word' id='word_1_75' title='bbox 848 921 956 966; x_wconf 92' lang='lat' dir='ltr'>mori</span> <span class='ocrx_word' id='word_1_76' title='bbox 984 932 1024 966; x_wconf 89' lang='lat' dir='ltr'>et</span> <span class='ocrx_word' id='word_1_77' title='bbox 1043 922 1212 985; x_wconf 87' lang='lat' dir='ltr'>sepeliri</span> <span class='ocrx_word' id='word_1_78' title='bbox 1236 923 1438 984; x_wconf 84' lang='lat' dir='ltr'>dignatus</span> 
     </span>
     <span class='ocr_line' id='line_1_11' title="bbox 66 991 1441 1054; baseline 0.002 -17"><span class='ocrx_word' id='word_1_79' title='bbox 66 1002 145 1048; x_wconf 88' lang='lat' dir='ltr'>est,</span> <span class='ocrx_word' id='word_1_80' title='bbox 181 991 267 1038; x_wconf 90' lang='lat' dir='ltr'>hoc</span> <span class='ocrx_word' id='word_1_81' title='bbox 302 992 565 1038; x_wconf 83' lang='lat' dir='ltr'>aedifieatum</span> <span class='ocrx_word' id='word_1_82' title='bbox 597 1002 685 1047; x_wconf 82' lang='lat' dir='ltr'>est,</span> <span class='ocrx_word' id='word_1_83' title='bbox 716 991 802 1036; x_wconf 91' lang='lat' dir='ltr'>hoc</span> <span class='ocrx_word' id='word_1_84' title='bbox 826 1008 994 1054; x_wconf 85' lang='lat' dir='ltr'>semper</span> <span class='ocrx_word' id='word_1_85' title='bbox 1024 1003 1181 1039; x_wconf 87' lang='lat' dir='ltr'>manet.</span> <span class='ocrx_word' id='word_1_86' title='bbox 1223 994 1441 1040; x_wconf 78' lang='lat' dir='ltr'>Machinae</span> 
     </span>
     <span class='ocr_line' id='line_1_12' title="bbox 66 1062 1439 1125; baseline 0.001 -18"><span class='ocrx_word' id='word_1_87' title='bbox 66 1072 209 1109; x_wconf 86' lang='lat' dir='ltr'>autem</span> <span class='ocrx_word' id='word_1_88' title='bbox 238 1080 315 1125; x_wconf 88' lang='lat' dir='ltr'>per</span> <span class='ocrx_word' id='word_1_89' title='bbox 338 1079 443 1125; x_wconf 83' lang='lat' dir='ltr'>quas</span> <span class='ocrx_word' id='word_1_90' title='bbox 467 1062 730 1107; x_wconf 81' lang='lat' dir='ltr'>aedificatum</span> <span class='ocrx_word' id='word_1_91' title='bbox 767 1072 856 1117; x_wconf 83' lang='lat' dir='ltr'>est,</span> <span class='ocrx_word' id='word_1_92' title='bbox 892 1062 1163 1108; x_wconf 83' lang='lat' dir='ltr'>transierunt.</span> <span class='ocrx_word' id='word_1_93' title='bbox 1203 1064 1298 1108; x_wconf 58' lang='lat' dir='ltr'>Non</span> <span class='ocrx_word' id='word_1_94' title='bbox 1325 1064 1439 1109; x_wconf 91' lang='lat' dir='ltr'>enim</span> 
     </span>
     <span class='ocr_line' id='line_1_13' title="bbox 67 1131 1441 1196; baseline 0.002 -19"><span class='ocrx_word' id='word_1_95' title='bbox 67 1149 234 1195; x_wconf 88' lang='lat' dir='ltr'>semper</span> <span class='ocrx_word' id='word_1_96' title='bbox 247 1133 292 1178; x_wconf 89' lang='lat' dir='ltr'>in</span> <span class='ocrx_word' id='word_1_97' title='bbox 309 1144 429 1178; x_wconf 85' lang='lat' dir='ltr'>utero</span> <span class='ocrx_word' id='word_1_98' title='bbox 447 1131 642 1190; x_wconf 74' lang='lat' dir='ltr'>virginali</span> <span class='ocrx_word' id='word_1_99' title='bbox 662 1132 927 1194; x_wconf 78' lang='lat' dir='ltr'>concipitur,</span> <span class='ocrx_word' id='word_1_100' title='bbox 955 1143 1029 1177; x_wconf 89' lang='lat' dir='ltr'>aut</span> <span class='ocrx_word' id='word_1_101' title='bbox 1048 1150 1214 1196; x_wconf 84' lang='lat' dir='ltr'>semper</span> <span class='ocrx_word' id='word_1_102' title='bbox 1233 1132 1285 1179; x_wconf 87' lang='lat' dir='ltr'>de</span> <span class='ocrx_word' id='word_1_103' title='bbox 1305 1135 1441 1180; x_wconf 84' lang='lat' dir='ltr'>Maria</span> 
     </span>
     <span class='ocr_line' id='line_1_14' title="bbox 64 1202 1436 1266; baseline 0.002 -19"><span class='ocrx_word' id='word_1_104' title='bbox 64 1202 230 1262; x_wconf 87' lang='lat' dir='ltr'>virgine</span> <span class='ocrx_word' id='word_1_105' title='bbox 255 1202 447 1248; x_wconf 87' lang='lat' dir='ltr'>nascitur</span> <span class='ocrx_word' id='word_1_106' title='bbox 473 1202 672 1247; x_wconf 82' lang='lat' dir='ltr'>Christus</span> <span class='ocrx_word' id='word_1_107' title='bbox 691 1239 700 1256; x_wconf 90' lang='lat'>,</span> <span class='ocrx_word' id='word_1_108' title='bbox 735 1212 811 1246; x_wconf 86' lang='lat' dir='ltr'>aut</span> <span class='ocrx_word' id='word_1_109' title='bbox 835 1219 1002 1266; x_wconf 85' lang='lat' dir='ltr'>semper</span> <span class='ocrx_word' id='word_1_110' title='bbox 1025 1204 1436 1266; x_wconf 80' lang='lat' dir='ltr'>comprehenditur,</span> 
     </span>
     <span class='ocr_line' id='line_1_15' title="bbox 67 1271 1434 1338; baseline 0.003 -21"><span class='ocrx_word' id='word_1_111' title='bbox 67 1282 142 1317; x_wconf 88' lang='lat' dir='ltr'>aut</span> <span class='ocrx_word' id='word_1_112' title='bbox 161 1273 584 1335; x_wconf 76' lang='lat' dir='ltr'>semperjuclicatul·,</span> <span class='ocrx_word' id='word_1_113' title='bbox 617 1271 873 1331; x_wconf 82' lang='lat' dir='ltr'>flagellatur,</span> <span class='ocrx_word' id='word_1_114' title='bbox 906 1273 1194 1334; x_wconf 54' lang='lat' dir='ltr'>crucifigitur,</span> <span class='ocrx_word' id='word_1_115' title='bbox 1217 1275 1434 1338; x_wconf 83' lang='lat' dir='ltr'>sepelitur.</span> 
     </span>
     <span class='ocr_line' id='line_1_16' title="bbox 69 1341 1441 1408; baseline 0.001 -21"><span class='ocrx_word' id='word_1_116' title='bbox 69 1341 228 1387; x_wconf 89' lang='lat' dir='ltr'>Omnia</span> <span class='ocrx_word' id='word_1_117' title='bbox 258 1341 356 1388; x_wconf 81' lang='lat' dir='ltr'>haec</span> <span class='ocrx_word' id='word_1_118' title='bbox 388 1342 604 1387; x_wconf 73' lang='lat' dir='ltr'>machinae</span> <span class='ocrx_word' id='word_1_119' title='bbox 640 1341 923 1404; x_wconf 86' lang='lat' dir='ltr'>deputantur,</span> <span class='ocrx_word' id='word_1_120' title='bbox 963 1353 1011 1388; x_wconf 90' lang='lat' dir='ltr'>ut</span> <span class='ocrx_word' id='word_1_121' title='bbox 1043 1343 1332 1391; x_wconf 76' lang='lat' dir='ltr'>aedificarctur</span> <span class='ocrx_word' id='word_1_122' title='bbox 1363 1362 1441 1408; x_wconf 77' lang='lat' dir='ltr'>per</span> 
     </span>
     <span class='ocr_line' id='line_1_17' title="bbox 66 1410 1437 1474; baseline 0.004 -18"><span class='ocrx_word' id='word_1_123' title='bbox 66 1411 146 1456; x_wconf 89' lang='lat' dir='ltr'>has</span> <span class='ocrx_word' id='word_1_124' title='bbox 168 1411 392 1457; x_wconf 85' lang='lat' dir='ltr'>machinas</span> <span class='ocrx_word' id='word_1_125' title='bbox 414 1410 522 1457; x_wconf 88' lang='lat' dir='ltr'>illud</span> <span class='ocrx_word' id='word_1_126' title='bbox 543 1411 660 1474; x_wconf 87' lang='lat' dir='ltr'>quod</span> <span class='ocrx_word' id='word_1_127' title='bbox 684 1422 828 1456; x_wconf 81' lang='lat' dir='ltr'>manet</span> <span class='ocrx_word' id='word_1_128' title='bbox 848 1412 893 1457; x_wconf 85' lang='lat' dir='ltr'>in</span> <span class='ocrx_word' id='word_1_129' title='bbox 918 1422 1141 1459; x_wconf 75' lang='lat' dir='ltr'>aeternum.</span> <span class='ocrx_word' id='word_1_130' title='bbox 1168 1415 1275 1460; x_wconf 76' lang='lat' dir='ltr'>Haee</span> <span class='ocrx_word' id='word_1_131' title='bbox 1295 1426 1437 1462; x_wconf 88' lang='lat' dir='ltr'>autem</span> 
     </span>
     <span class='ocr_line' id='line_1_18' title="bbox 66 1481 1432 1548; baseline 0.004 -22"><span class='ocrx_word' id='word_1_132' title='bbox 66 1482 317 1527; x_wconf 85' lang='lat' dir='ltr'>resurreetio</span> <span class='ocrx_word' id='word_1_133' title='bbox 344 1481 516 1527; x_wconf 87' lang='lat' dir='ltr'>Domini</span> <span class='ocrx_word' id='word_1_134' title='bbox 536 1482 668 1526; x_wconf 86' lang='lat' dir='ltr'>nostri</span> <span class='ocrx_word' id='word_1_135' title='bbox 690 1484 789 1526; x_wconf 76' lang='lat' dir='ltr'>Jesu</span> <span class='ocrx_word' id='word_1_136' title='bbox 811 1482 974 1527; x_wconf 73' lang='lat' dir='ltr'>Christi</span> <span class='ocrx_word' id='word_1_137' title='bbox 997 1483 1042 1528; x_wconf 88' lang='lat' dir='ltr'>in</span> <span class='ocrx_word' id='word_1_138' title='bbox 1062 1484 1173 1529; x_wconf 77' lang='lat' dir='ltr'>coelo</span> <span class='ocrx_word' id='word_1_139' title='bbox 1194 1486 1333 1548; x_wconf 71' lang='lat' dir='ltr'>posita</span> <span class='ocrx_word' id='word_1_140' title='bbox 1357 1497 1432 1533; x_wconf 81' lang='lat' dir='ltr'>est.</span> 
     </span>
    </p>

    <p class='ocr_par' dir='ltr' id='par_1_4' title="bbox 66 1551 1448 2734">
     <span class='ocr_line' id='line_1_19' title="bbox 129 1551 1432 1601; baseline 0.004 -6"><span class='ocrx_word' id='word_1_141' title='bbox 129 1551 253 1598; x_wconf 86' lang='lat' dir='ltr'><strong>Vlll.</strong></span> <span class='ocrx_word' id='word_1_142' title='bbox 296 1551 732 1596; x_wconf 71' lang='lat' dir='ltr'>Atle11datCharitas</span> <span class='ocrx_word' id='word_1_143' title='bbox 768 1551 915 1596; x_wconf 77' lang='lat' dir='ltr'>Vestra</span> <span class='ocrx_word' id='word_1_144' title='bbox 951 1552 1187 1598; x_wconf 79' lang='lat' dir='ltr'>aedifieium</span> <span class='ocrx_word' id='word_1_145' title='bbox 1222 1555 1432 1601; x_wconf 80' lang='lat' dir='ltr'>mirabile.</span> 
     </span>
     <span class='ocr_line' id='line_1_20' title="bbox 71 1620 1437 1686; baseline 0.004 -22"><span class='ocrx_word' id='word_1_146' title='bbox 71 1620 261 1666; x_wconf 69' lang='lat' dir='ltr'>AEdifieia</span> <span class='ocrx_word' id='word_1_147' title='bbox 276 1621 441 1685; x_wconf 81' lang='lat' dir='ltr'>quippe</span> <span class='ocrx_word' id='word_1_148' title='bbox 458 1621 536 1667; x_wconf 83' lang='lat' dir='ltr'>ista</span> <span class='ocrx_word' id='word_1_149' title='bbox 554 1632 718 1666; x_wconf 86' lang='lat' dir='ltr'>terrena</span> <span class='ocrx_word' id='word_1_150' title='bbox 738 1620 927 1684; x_wconf 84' lang='lat' dir='ltr'>pondere</span> <span class='ocrx_word' id='word_1_151' title='bbox 942 1638 1018 1667; x_wconf 90' lang='lat' dir='ltr'>suo</span> <span class='ocrx_word' id='word_1_152' title='bbox 1038 1633 1192 1668; x_wconf 84' lang='lat' dir='ltr'>terram</span> <span class='ocrx_word' id='word_1_153' title='bbox 1215 1636 1437 1686; x_wconf 84' lang='lat' dir='ltr'>premunt,</span> 
     </span>
     <span class='ocr_line' id='line_1_21' title="bbox 69 1692 1438 1756; baseline 0.004 -20"><span class='ocrx_word' id='word_1_154' title='bbox 69 1702 269 1755; x_wconf 87' lang='lat' dir='ltr'>totusque</span> <span class='ocrx_word' id='word_1_155' title='bbox 286 1702 415 1737; x_wconf 86' lang='lat' dir='ltr'>nutus</span> <span class='ocrx_word' id='word_1_156' title='bbox 424 1692 665 1756; x_wconf 82' lang='lat' dir='ltr'>ponderum</span> <span class='ocrx_word' id='word_1_157' title='bbox 681 1692 724 1736; x_wconf 90' lang='lat' dir='ltr'>in</span> <span class='ocrx_word' id='word_1_158' title='bbox 738 1692 817 1737; x_wconf 84' lang='lat' dir='ltr'>ista</span> <span class='ocrx_word' id='word_1_159' title='bbox 835 1702 1051 1738; x_wconf 82' lang='lat' dir='ltr'>structura</span> <span class='ocrx_word' id='word_1_160' title='bbox 1071 1695 1367 1754; x_wconf 79' lang='lat' dir='ltr'>magnitudine</span> <span class='ocrx_word' id='word_1_161' title='bbox 1384 1696 1438 1741; x_wconf 91' lang='lat' dir='ltr'>ad</span> 
     </span>
     <span class='ocr_line' id='line_1_22' title="bbox 68 1762 1436 1818; baseline 0.005 -12"><span class='ocrx_word' id='word_1_162' title='bbox 68 1772 222 1807; x_wconf 87' lang='lat' dir='ltr'>terram</span> <span class='ocrx_word' id='word_1_163' title='bbox 241 1762 410 1818; x_wconf 85' lang='lat' dir='ltr'>nititur,</span> <span class='ocrx_word' id='word_1_164' title='bbox 431 1773 472 1806; x_wconf 80' lang='lat' dir='ltr'>et</span> <span class='ocrx_word' id='word_1_165' title='bbox 490 1762 569 1807; x_wconf 85' lang='lat' dir='ltr'>nisi</span> <span class='ocrx_word' id='word_1_166' title='bbox 590 1762 878 1810; x_wconf 83' lang='lat' dir='ltr'>contineatur.</span> <span class='ocrx_word' id='word_1_167' title='bbox 902 1762 955 1807; x_wconf 87' lang='lat' dir='ltr'>ad</span> <span class='ocrx_word' id='word_1_168' title='bbox 975 1762 1173 1809; x_wconf 80' lang='lat' dir='ltr'>inferiora</span> <span class='ocrx_word' id='word_1_169' title='bbox 1194 1766 1436 1814; x_wconf 73' lang='lat' dir='ltr'>contendit.</span> 
     </span>
     <span class='ocr_line' id='line_1_23' title="bbox 68 1831 1440 1894; baseline 0.007 -21"><span class='ocrx_word' id='word_1_170' title='bbox 68 1848 155 1894; x_wconf 84' lang='lat' dir='ltr'>quo</span> <span class='ocrx_word' id='word_1_171' title='bbox 181 1831 352 1894; x_wconf 80' lang='lat' dir='ltr'>pondus</span> <span class='ocrx_word' id='word_1_172' title='bbox 383 1832 576 1879; x_wconf 85' lang='lat' dir='ltr'>adducit.</span> <span class='ocrx_word' id='word_1_173' title='bbox 616 1832 728 1887; x_wconf 75' lang='lat' dir='ltr'>Quia</span> <span class='ocrx_word' id='word_1_174' title='bbox 757 1849 856 1892; x_wconf 73' lang='lat' dir='ltr'>ergo</span> <span class='ocrx_word' id='word_1_175' title='bbox 887 1832 930 1876; x_wconf 86' lang='lat' dir='ltr'>in</span> <span class='ocrx_word' id='word_1_176' title='bbox 969 1842 1079 1878; x_wconf 76' lang='lat' dir='ltr'>terra</span> <span class='ocrx_word' id='word_1_177' title='bbox 1108 1833 1366 1886; x_wconf 71' lang='lat' dir='ltr'>wdilicatur,</span> <span class='ocrx_word' id='word_1_178' title='bbox 1398 1837 1440 1882; x_wconf 84' lang='lat' dir='ltr'>in</span> 
     </span>
     <span class='ocr_line' id='line_1_24' title="bbox 70 1901 1441 1965; baseline 0.004 -20"><span class='ocrx_word' id='word_1_179' title='bbox 70 1911 177 1946; x_wconf 77' lang='lat' dir='ltr'>terra</span> <span class='ocrx_word' id='word_1_180' title='bbox 195 1901 526 1947; x_wconf 76' lang='lat' dir='ltr'>fundamentum</span> <span class='ocrx_word' id='word_1_181' title='bbox 551 1901 859 1964; x_wconf 72' lang='lat' dir='ltr'>praeniitlitur3</span> <span class='ocrx_word' id='word_1_182' title='bbox 886 1912 931 1946; x_wconf 88' lang='lat' dir='ltr'>ut</span> <span class='ocrx_word' id='word_1_183' title='bbox 961 1919 1090 1965; x_wconf 76' lang='lat' dir='ltr'>supra</span> <span class='ocrx_word' id='word_1_184' title='bbox 1108 1903 1441 1951; x_wconf 72' lang='lat' dir='ltr'>fundamentum</span> 
     </span>
     <span class='ocr_line' id='line_1_25' title="bbox 68 1971 1443 2034; baseline 0.004 -19"><span class='ocrx_word' id='word_1_185' title='bbox 68 1988 240 2017; x_wconf 87' lang='lat' dir='ltr'>securus</span> <span class='ocrx_word' id='word_1_186' title='bbox 259 1971 440 2017; x_wconf 83' lang='lat' dir='ltr'>instruat</span> <span class='ocrx_word' id='word_1_187' title='bbox 463 1971 537 2034; x_wconf 79' lang='lat' dir='ltr'>qui</span> <span class='ocrx_word' id='word_1_188' title='bbox 558 1971 759 2017; x_wconf 75' lang='lat' dir='ltr'>aedilicat.</span> <span class='ocrx_word' id='word_1_189' title='bbox 794 1972 904 2030; x_wconf 71' lang='lat' dir='ltr'>Ergo</span> <span class='ocrx_word' id='word_1_190' title='bbox 927 1973 1047 2034; x_wconf 81' lang='lat' dir='ltr'>ponit</span> <span class='ocrx_word' id='word_1_191' title='bbox 1072 1973 1114 2017; x_wconf 87' lang='lat' dir='ltr'>in</span> <span class='ocrx_word' id='word_1_192' title='bbox 1140 1974 1226 2019; x_wconf 88' lang='lat' dir='ltr'>imo</span> <span class='ocrx_word' id='word_1_193' title='bbox 1247 1977 1443 2021; x_wconf 71' lang='lat' dir='ltr'>firmissi-</span> 
     </span>
     <span class='ocr_line' id='line_1_26' title="bbox 67 2041 1442 2108; baseline 0.003 -22"><span class='ocrx_word' id='word_1_194' title='bbox 67 2059 158 2086; x_wconf 86' lang='lat' dir='ltr'>mas</span> <span class='ocrx_word' id='word_1_195' title='bbox 176 2041 324 2096; x_wconf 75' lang='lat' dir='ltr'>moles,</span> <span class='ocrx_word' id='word_1_196' title='bbox 349 2052 394 2086; x_wconf 89' lang='lat' dir='ltr'>ut</span> <span class='ocrx_word' id='word_1_197' title='bbox 412 2041 562 2086; x_wconf 86' lang='lat' dir='ltr'>idonee</span> <span class='ocrx_word' id='word_1_198' title='bbox 586 2041 747 2104; x_wconf 79' lang='lat' dir='ltr'>possint</span> <span class='ocrx_word' id='word_1_199' title='bbox 771 2052 940 2103; x_wconf 71' lang='lat' dir='ltr'>poi-tart·</span> <span class='ocrx_word' id='word_1_200' title='bbox 959 2041 1143 2106; x_wconf 67' lang='lat' dir='ltr'>desuper</span> <span class='ocrx_word' id='word_1_201' title='bbox 1163 2044 1279 2106; x_wconf 79' lang='lat' dir='ltr'>quod</span> <span class='ocrx_word' id='word_1_202' title='bbox 1302 2046 1442 2108; x_wconf 82' lang='lat' dir='ltr'>impo-</span> 
     </span>
     <span class='ocr_line' id='line_1_27' title="bbox 69 2111 1443 2174; baseline 0.002 -17"><span class='ocrx_word' id='word_1_203' title='bbox 69 2112 204 2167; x_wconf 80' lang='lat' dir='ltr'>nitur,</span> <span class='ocrx_word' id='word_1_204' title='bbox 223 2122 264 2156; x_wconf 87' lang='lat' dir='ltr'>et</span> <span class='ocrx_word' id='word_1_205' title='bbox 286 2128 364 2174; x_wconf 83' lang='lat' dir='ltr'>pro</span> <span class='ocrx_word' id='word_1_206' title='bbox 387 2111 684 2170; x_wconf 74' lang='lat' dir='ltr'>magnitudine</span> <span class='ocrx_word' id='word_1_207' title='bbox 705 2111 876 2156; x_wconf 49' lang='lat' dir='ltr'>‘aedilicii</span> <span class='ocrx_word' id='word_1_208' title='bbox 901 2112 1155 2169; x_wconf 78' lang='lat' dir='ltr'>magnitudo</span> <span class='ocrx_word' id='word_1_209' title='bbox 1174 2114 1443 2161; x_wconf 70' lang='lat' dir='ltr'>fundamenti</span> 
     </span>
     <span class='ocr_line' id='line_1_28' title="bbox 67 2181 1445 2248; baseline 0.003 -21"><span class='ocrx_word' id='word_1_210' title='bbox 67 2181 432 2245; x_wconf 60' lang='lat' dir='ltr'>praeparatumin</span> <span class='ocrx_word' id='word_1_211' title='bbox 460 2192 568 2227; x_wconf 66' lang='lat' dir='ltr'>terra</span> <span class='ocrx_word' id='word_1_212' title='bbox 602 2191 763 2235; x_wconf 78' lang='lat' dir='ltr'>tamen,</span> <span class='ocrx_word' id='word_1_213' title='bbox 790 2193 835 2226; x_wconf 88' lang='lat' dir='ltr'>ut</span> <span class='ocrx_word' id='word_1_214' title='bbox 860 2181 964 2229; x_wconf 74' lang='lat' dir='ltr'>dixi.</span> <span class='ocrx_word' id='word_1_215' title='bbox 997 2183 1096 2245; x_wconf 76' lang='lat' dir='ltr'>quia</span> <span class='ocrx_word' id='word_1_216' title='bbox 1125 2194 1165 2227; x_wconf 88' lang='lat' dir='ltr'>et</span> <span class='ocrx_word' id='word_1_217' title='bbox 1191 2183 1297 2229; x_wconf 87' lang='lat' dir='ltr'>illud</span> <span class='ocrx_word' id='word_1_218' title='bbox 1326 2185 1445 2248; x_wconf 88' lang='lat' dir='ltr'>quod</span> 
     </span>
     <span class='ocr_line' id='line_1_29' title="bbox 67 2249 1443 2315; baseline 0.003 -18"><span class='ocrx_word' id='word_1_219' title='bbox 67 2251 310 2297; x_wconf 52' lang='lat' dir='ltr'>¹‘edificatur</span> <span class='ocrx_word' id='word_1_220' title='bbox 341 2269 495 2315; x_wconf 77' lang='lat' dir='ltr'>supra.</span> <span class='ocrx_word' id='word_1_221' title='bbox 533 2252 681 2314; x_wconf 80' lang='lat' dir='ltr'>utiquo</span> <span class='ocrx_word' id='word_1_222' title='bbox 706 2251 750 2296; x_wconf 89' lang='lat' dir='ltr'>iu</span> <span class='ocrx_word' id='word_1_223' title='bbox 779 2262 886 2296; x_wconf 70' lang='lat' dir='ltr'>terra</span> <span class='ocrx_word' id='word_1_224' title='bbox 915 2249 1168 2299; x_wconf 67' lang='lat' dir='ltr'>collocatur.</span> <span class='ocrx_word' id='word_1_225' title='bbox 1209 2254 1443 2301; x_wconf 66' lang='lat' dir='ltr'>Jerusalem</span> 
     </span>
     <span class='ocr_line' id='line_1_30' title="bbox 67 2321 1442 2387; baseline 0.003 -20"><span class='ocrx_word' id='word_1_226' title='bbox 67 2321 138 2367; x_wconf 80' lang='lat' dir='ltr'>illa</span> <span class='ocrx_word' id='word_1_227' title='bbox 172 2332 316 2367; x_wconf 84' lang='lat' dir='ltr'>nostra</span> <span class='ocrx_word' id='word_1_228' title='bbox 351 2322 549 2384; x_wconf 64' lang='lat' dir='ltr'>pert-gina</span> <span class='ocrx_word' id='word_1_229' title='bbox 581 2322 624 2366; x_wconf 90' lang='lat' dir='ltr'>iu</span> <span class='ocrx_word' id='word_1_230' title='bbox 654 2321 767 2366; x_wconf 74' lang='lat' dir='ltr'>‹tu-lo</span> <span class='ocrx_word' id='word_1_231' title='bbox 799 2322 1056 2368; x_wconf 57' lang='lat' dir='ltr'>mum-auu:</span> <span class='ocrx_word' id='word_1_232' title='bbox 1096 2324 1195 2368; x_wconf 77' lang='lat' dir='ltr'>ldco</span> <span class='ocrx_word' id='word_1_233' title='bbox 1230 2328 1442 2387; x_wconf 60' lang='lat' dir='ltr'>praru-ssi!</span> 
     </span>
     <span class='ocr_line' id='line_1_31' title="bbox 66 2391 1442 2441; baseline 0.002 -3"><span class='ocrx_word' id='word_1_234' title='bbox 66 2391 395 2438; x_wconf 78' lang='lat' dir='ltr'>fundamentum</span> <span class='ocrx_word' id='word_1_235' title='bbox 413 2392 666 2437; x_wconf 80' lang='lat' dir='ltr'>Christusin</span> <span class='ocrx_word' id='word_1_236' title='bbox 685 2391 861 2438; x_wconf 63' lang='lat' dir='ltr'>emtum.</span> <span class='ocrx_word' id='word_1_237' title='bbox 888 2393 953 2436; x_wconf 74' lang='lat' dir='ltr'>lbi</span> <span class='ocrx_word' id='word_1_238' title='bbox 977 2392 1090 2438; x_wconf 81' lang='lat' dir='ltr'>euim</span> <span class='ocrx_word' id='word_1_239' title='bbox 1111 2394 1442 2441; x_wconf 77' lang='lat' dir='ltr'>fundamentum</span> 
     </span>
     <span class='ocr_line' id='line_1_32' title="bbox 68 2460 1445 2524; baseline 0.001 -16"><span class='ocrx_word' id='word_1_240' title='bbox 68 2472 262 2508; x_wconf 80' lang='lat' dir='ltr'>nostrum</span> <span class='ocrx_word' id='word_1_241' title='bbox 281 2471 340 2506; x_wconf 81' lang='lat' dir='ltr'>est</span> <span class='ocrx_word' id='word_1_242' title='bbox 358 2471 400 2505; x_wconf 84' lang='lat' dir='ltr'>et</span> <span class='ocrx_word' id='word_1_243' title='bbox 417 2472 551 2524; x_wconf 79' lang='lat' dir='ltr'>caput</span> <span class='ocrx_word' id='word_1_244' title='bbox 575 2460 804 2513; x_wconf 55' lang='lat' dir='ltr'>Ecclesiam</span> <span class='ocrx_word' id='word_1_245' title='bbox 833 2479 930 2506; x_wconf 85' lang='lat' dir='ltr'>nam</span> <span class='ocrx_word' id='word_1_246' title='bbox 955 2473 992 2506; x_wconf 75' lang='lat' dir='ltr'>ct</span> <span class='ocrx_word' id='word_1_247' title='bbox 1020 2462 1347 2508; x_wconf 66' lang='lat' dir='ltr'>fundamentum</span> <span class='ocrx_word' id='word_1_248' title='bbox 1373 2465 1445 2510; x_wconf 88' lang='lat' dir='ltr'>di-</span> 
     </span>
     <span class='ocr_line' id='line_1_33' title="bbox 69 2530 1442 2594; baseline 0.003 -19"><span class='ocrx_word' id='word_1_249' title='bbox 69 2530 184 2575; x_wconf 82' lang='lat' dir='ltr'>citur</span> <span class='ocrx_word' id='word_1_250' title='bbox 211 2541 251 2574; x_wconf 79' lang='lat' dir='ltr'>ct</span> <span class='ocrx_word' id='word_1_251' title='bbox 277 2541 434 2593; x_wconf 79' lang='lat' dir='ltr'>caput,</span> <span class='ocrx_word' id='word_1_252' title='bbox 461 2542 500 2575; x_wconf 85' lang='lat' dir='ltr'>et</span> <span class='ocrx_word' id='word_1_253' title='bbox 532 2547 670 2575; x_wconf 70' lang='lat' dir='ltr'>revera</span> <span class='ocrx_word' id='word_1_254' title='bbox 699 2531 755 2576; x_wconf 80' lang='lat' dir='ltr'>ita</span> <span class='ocrx_word' id='word_1_255' title='bbox 780 2542 854 2577; x_wconf 74' lang='lat' dir='ltr'>est.</span> <span class='ocrx_word' id='word_1_256' title='bbox 888 2531 998 2586; x_wconf 73' lang='lat' dir='ltr'>Quia</span> <span class='ocrx_word' id='word_1_257' title='bbox 1031 2542 1070 2574; x_wconf 78' lang='lat' dir='ltr'>ct</span> <span class='ocrx_word' id='word_1_258' title='bbox 1107 2543 1238 2594; x_wconf 72' lang='lat' dir='ltr'>caput</span> <span class='ocrx_word' id='word_1_259' title='bbox 1269 2533 1442 2579; x_wconf 64' lang='lat' dir='ltr'>aedilicii</span> 
     </span>
     <span class='ocr_line' id='line_1_34' title="bbox 68 2598 1448 2664; baseline 0.001 -18"><span class='ocrx_word' id='word_1_260' title='bbox 68 2598 401 2646; x_wconf 78' lang='lat' dir='ltr'>fundumentum</span> <span class='ocrx_word' id='word_1_261' title='bbox 426 2610 487 2645; x_wconf 85' lang='lat' dir='ltr'>est</span> <span class='ocrx_word' id='word_1_262' title='bbox 505 2619 515 2645; x_wconf 77' lang='lat' dir='ltr'><strong><em>z</em></strong></span> <span class='ocrx_word' id='word_1_263' title='bbox 534 2617 618 2644; x_wconf 86' lang='lat' dir='ltr'>non</span> <span class='ocrx_word' id='word_1_264' title='bbox 648 2600 760 2645; x_wconf 88' lang='lat' dir='ltr'>euim</span> <span class='ocrx_word' id='word_1_265' title='bbox 789 2611 924 2664; x_wconf 81' lang='lat' dir='ltr'>eaput</span> <span class='ocrx_word' id='word_1_266' title='bbox 944 2611 1004 2645; x_wconf 70' lang='lat' dir='ltr'>est</span> <span class='ocrx_word' id='word_1_267' title='bbox 1027 2600 1144 2663; x_wconf 81' lang='lat' dir='ltr'>qnod</span> <span class='ocrx_word' id='word_1_268' title='bbox 1171 2601 1342 2654; x_wconf 77' lang='lat' dir='ltr'>linitur.</span> <span class='ocrx_word' id='word_1_269' title='bbox 1376 2603 1448 2648; x_wconf 72' lang='lat' dir='ltr'>scd</span> 
     </span>
     <span class='ocr_line' id='line_1_35' title="bbox 70 2669 1448 2734; baseline 0.002 -18"><span class='ocrx_word' id='word_1_270' title='bbox 70 2669 185 2716; x_wconf 76' lang='lat' dir='ltr'>unde</span> <span class='ocrx_word' id='word_1_271' title='bbox 224 2670 380 2734; x_wconf 81' lang='lat' dir='ltr'>incipit</span> <span class='ocrx_word' id='word_1_272' title='bbox 421 2687 590 2717; x_wconf 82' lang='lat' dir='ltr'>sursum</span> <span class='ocrx_word' id='word_1_273' title='bbox 634 2687 789 2718; x_wconf 70' lang='lat' dir='ltr'>wrsus.</span> <span class='ocrx_word' id='word_1_274' title='bbox 836 2673 1122 2719; x_wconf 68' lang='lat' dir='ltr'>‘seru-uorum</span> <span class='ocrx_word' id='word_1_275' title='bbox 1161 2671 1448 2724; x_wconf 77' lang='lat' dir='ltr'>u·dui‹·ioru1n</span> 
     </span>
    </p>
   </div>
  </div>
 </body>
</html>
