1899 3241
279 266 420 300 SERMO
455 266 580 310 CCCV,
617 267 664 298 IN
699 266 856 299 NATALI
891 267 925 298 S.
967 267 1216 301 LAURENTII.
1373 271 1431 319 77

88 458 270 472 ”sm-v!
275 458 314 469 Ἃ
318 457 1195 470 muunnummvssznssmzssnmmsvs
1199 460 1238 470 Ἃ
1242 460 1299 471 m
1305 460 1345 471 Ἃ
1351 457 1425 472 mv·

555 603 758 654 SERMO
796 605 997 653 CCCV1.

262 760 315 803 In
338 756 631 802 solemnitate
655 755 876 814 Martyris
894 758 1148 815 Laurentii,
1170 761 1250 804 IV.

407 916 572 954 Habitus
596 915 646 953 ad
672 915 849 954 Mensam
871 916 910 954 S.
935 915 1129 968 Cypriani.

151 1093 185 1138 Ι.
217 1092 443 1137 AGNosmT
468 1090 571 1135 fides
593 1101 730 1137 vestra
753 1107 957 1151 granum,
986 1090 1104 1155 quod
1126 1092 1172 1136 in
1188 1103 1343 1140 terram
1367 1112 1441 1141 ee-

18 1183 22 1204 z
87 1161 211 1220 cidit,
239 1172 281 1208 et
301 1172 522 1207 mortuum
544 1159 883 1223 multiplicatum
901 1171 976 1209 est.
1002 1163 1221 1220 Agnoscit,
1242 1164 1437 1228 inquam,

86 1234 171 1280 hoe
195 1249 374 1294 granum
403 1231 508 1277 fides
531 1241 695 1287 vestra,
724 1231 826 1294 quia
857 1232 998 1295 ipsum
1028 1232 1199 1279 habitat
1232 1234 1277 1280 in
1300 1247 1440 1282 mente

20 1319 22 1324 ’
86 1316 236 1351 vestra.
263 1304 358 1349 Hoc
375 1302 490 1349 enim
501 1302 621 1367 quod
639 1302 692 1347 de
717 1319 758 1347 se
780 1302 873 1366 ipso
892 1301 1043 1348 dixerit
1060 1304 1280 1363 Christus,
1301 1307 1445 1353 nullus

86 1374 270 1435 ambigit
282 1373 567 1421 Christianus,
593 1371 676 1418 Sed
690 1371 818 1436 plane
836 1372 910 1419 illo
930 1384 1099 1420 mortuo
1116 1393 1246 1435 grano
1262 1388 1303 1423 et
1325 1379 1443 1424 mul-

85 1445 299 1510 tiplicato,
317 1444 452 1491 multa
476 1462 606 1506 grana
625 1454 724 1489 sunt
742 1461 886 1507 sparsa
907 1444 953 1490 in
974 1455 1129 1491 terram
1143 1447 1160 1475 2
1185 1466 1195 1492 :
1222 1465 1268 1495 ex
1283 1450 1442 1513 quihus

85 1514 203 1562 estet
223 1516 374 1561 beatus
389 1514 661 1570 Laurentius,
688 1517 810 1573 eujus
836 1514 1158 1562 seminationem
1180 1517 1310 1564 hodie
1340 1519 1445 1565 cele-

86 1586 274 1633 bramus.
310 1587 374 1631 De
390 1585 474 1632 illis
498 1596 640 1630 autem
663 1584 804 1644 granis
818 1585 972 1648 sparsis
990 1597 1080 1632 toto
1093 1588 1196 1633 orbe
1213 1598 1441 1647 terrarum,

86 1668 247 1721 quanta
270 1655 546 1721 pullulaverit
569 1672 680 1715 seges
698 1654 1172 1717 videmUS,gaudemus‚
1201 1677 1348 1706 sumus
1370 1678 1382 1707 ε
1408 1662 1441 1706 si

87 1738 228 1774 tamen
250 1738 291 1773 et
313 1744 389 1774 nos
407 1745 485 1790 per
510 1726 625 1772 illius
649 1725 829 1786 gratiam
851 1725 905 1771 ad
931 1726 1134 1774 horreum
1158 1732 1436 1793 pertinemus.

87 1800 233 1862 Neque
250 1799 364 1845 enim
389 1798 443 1844 ad
465 1798 668 1844 horreum
685 1795 889 1860 pertinet,
910 1797 1125 1861 quidquid
1142 1800 1187 1846 in
1210 1814 1344 1862 segete
1363 1814 1437 1850 est.

86 1868 248 1914 Eadem
264 1868 428 1933 quippe
440 1866 588 1932 pluvia
608 1866 723 1913 utilis
741 1877 783 1911 et
808 1866 1050 1924 nutritoria,
1071 1880 1112 1914 et
1128 1871 1317 1919 triticum
1341 1891 1444 1936 pas-

86 1939 202 1984 citet
225 1938 406 2002 paleam.
435 1937 561 1983 Absit
583 1947 631 1982 ut
653 1936 780 1982 simul
804 1947 1035 2001 utrumque
1060 1939 1104 1984 in
1123 1940 1278 1988 horreo
1299 1959 1444 1989 recon-

86 2009 237 2064 datur;
260 2009 455 2072 quamvis
469 2007 595 2053 simul
615 2018 822 2069 utumque
838 2008 882 2052 in
896 2025 995 2067 agro
1014 2010 1246 2068 nutriatur,
1269 2013 1445 2059 etsimul

88 2091 317 2143 utrumque
340 2078 384 2125 in
406 2095 502 2125 arca
532 2077 765 2124 trituretur.
805 2079 929 2123 Nune
956 2088 1124 2144 tempus
1153 2081 1336 2142 eligendi
1366 2096 1438 2131 est.

87 2154 330 2214 Antequam
352 2150 493 2195 veniat
516 2147 762 2203 ventilatio,
788 2149 860 2192 liat
884 2165 1050 2194 morum
1072 2153 1282 2214 separatio
1301 2171 1312 2199 :
1335 2155 1443 2200 sieut

86 2220 131 2266 in
155 2238 265 2277 area,
298 2236 477 2280 granum
491 2217 636 2264 adhue
657 2217 934 2264 mundatione
960 2218 1232 2280 discernitur,
1251 2224 1445 2270 nondum

88 2290 329 2338 ventilabro
358 2289 508 2335 ultimo
532 2299 766 2351 separatur.

153 2361 211 2407 ll.
255 2359 411 2406 Audite
424 2377 506 2415 me,
529 2376 659 2418 grana
673 2369 836 2410 saneta,
857 2376 954 2422 quae
969 2359 1041 2405 hie
1058 2379 1142 2407 esse
1161 2381 1243 2410 non
1264 2365 1416 2411 dubito
1435 2386 1446 2417 ;

88 2448 187 2477 nam
202 2430 235 2476 si
249 2430 425 2486 dubito‚'
444 2447 521 2475 nee
544 2429 632 2492 ipse
652 2446 831 2488 granum
845 2447 941 2475 ero:
958 2429 1118 2487 audite,
1136 2433 1330 2497 iuquam,
1351 2453 1417 2482 nu·
1435 2458 1445 2488 ;

89 2502 176 2548 imo
201 2500 345 2551 audite
369 2500 558 2565 primum
585 2517 764 2561 granum
790 2518 866 2564 per
893 2518 972 2548 me.
1012 2503 1107 2548 [Non
1133 2506 1281 2551 ametis
1300 2507 1343 2551 in
1367 2506 1449 2552 hoc

138 2599 148 2622 ¹
167 2598 257 2632 Atin-
277 2599 319 2630 ’.ιϋ
336 2609 375 2630 ex
389 2595 629 2633 sirmondianis.
648 2614 693 2623 --
705 2595 721 2620 ²
737 2599 833 2633 Juuu.
849 2609 910 2638 zu,
929 2604 985 2636 η,
