1899 3241
22 2319 33 2624 *--——-——

362 280 504 311 SERMO
541 281 736 320 ccxcvii,
776 282 821 311 IN
861 281 1022 311 NATALI
1061 282 1214 314 APOST.
1427 286 1481 331 19

105 346 196 403 bris
219 344 302 393 tuis
326 362 336 390 :
362 344 477 391 unde
502 344 581 390 tibi
600 345 767 391 vincere
783 382 795 402 ,
827 345 908 390 nisi
939 362 988 391 ex
1010 345 1096 392 hoc
1123 347 1241 409 quod
1263 348 1482 411 sequitur)

108 438 128 458 >2
149 416 277 462 Miser
308 432 385 475 ego
415 414 548 461 homo
564 452 574 471 ‚
601 415 697 477 quis
725 433 792 460 me
820 415 1025 462 liberabit
1052 416 1105 461 de
1130 434 1311 480 corpore
1335 421 1483 464 mortis

108 509 127 529 »
146 486 306 546 huius?
329 485 478 531 Gratia
492 485 588 541 Dei,
611 502 688 548 pei·
707 486 855 532 Jesum
874 485 1102 532 Christum
1117 487 1356 542 Dominum
1377 507 1482 534 nos--

109 578 129 597 >³
153 554 310 601 trum1.
337 576 358 597 »
384 556 495 600 Eece
514 554 628 600 unde
646 556 867 619 pugnasti,
894 572 994 601 ecce
1012 556 1127 602 unde
1141 556 1366 614 laborasti,
1386 576 1485 605 ecce

109 626 224 672 unde
249 642 335 671 non
349 624 559 681 defecisti,
586 641 684 671 ecce
702 625 817 670 unde
835 625 991 673 vicisti.
1013 625 1166 671 Videte
1185 638 1451 690 pugnantem
1471 647 1481 673 :

112 718 131 738 ›>
152 695 262 752 Quis
291 712 368 741 nos
391 695 610 758 separabit
633 714 656 741 a
681 696 894 742 charitate
924 695 1117 742 Christi?
1147 697 1400 744 tribulatio?
1434 717 1489 745 an

112 788 132 809 ›>
153 766 378 826 angustia?
402 783 457 811 an
469 765 632 812 fames?
649 784 704 810 an
719 765 992 829 persecutio?
1020 784 1074 812 an
1091 766 1295 813 nuditas?
1321 786 1376 814 an
1393 769 1489 828 gla-

114 860 133 878 »
161 836 319 882 dius²i³
345 835 470 882 Sicut
492 836 705 899 scriptum
728 846 790 881 est
813 853 824 881 :
848 835 1070 892 Quoniam
1095 848 1277 901 propter
1302 848 1340 882 te
1368 857 1489 885 mor—

115 930 134 948 »
158 907 376 961 tisicamur
396 916 483 952 tota
498 906 567 951 die
582 943 592 962 ‚
618 905 814 970 deputati
832 923 979 952 sumus
1004 918 1050 952 ut
1068 925 1165 953 oves
1183 908 1449 956 occisionis-².
1469 932 1490 952 »

115 979 227 1023 Ecce
258 977 485 1022 infirmitas
503 1014 513 1032 ‚
554 976 680 1022 labor
697 1014 708 1033 ‚
735 977 902 1022 miseria
919 1014 930 1034 ‚
963 978 1156 1041 pericula
1174 1016 1184 1034 ,
1216 980 1483 1028 tentationes.

115 1048 239 1094 Unde
262 1048 443 1095 victoria
460 1047 750 1093 certantium?
775 1047 889 1093 Audi
908 1048 1027 1112 quod
1053 1049 1247 1112 sequitur
1271 1068 1281 1094 ε
1309 1071 1329 1091 α
1345 1050 1428 1095 Sed
1447 1052 1494 1097 in

115 1140 134 1160 »
157 1117 227 1164 his
255 1118 460 1163 omnibus
484 1118 832 1181 supervincimus
859 1136 936 1182 per
960 1136 1058 1165 eum
1089 1121 1165 1183 qui
1193 1120 1339 1166 dilexit
1359 1139 1449 1169 nos.
1473 1145 1493 1165 »

116 1190 304 1234 Cursum
337 1188 646 1234 consummasti
677 1206 688 1232 :
715 1206 802 1251 quo
834 1188 1039 1246 ducente,
1070 1207 1157 1253 qno
1186 1202 1377 1250 regente,
1407 1210 1495 1256 quo

111 1263 321 1321 J'uvante?
358 1259 479 1316 Quid
513 1259 585 1304 hic
618 1258 755 1305 dicis?
789 1281 809 1300 c<
834 1260 1051 1315 Cursum,
1088 1262 1257 1324 inquit,
1286 1280 1493 1309 consum-

115 1353 135 1373 »
158 1329 302 1383 mavi3
324 1351 344 1371 »
367 1328 441 1374 sed
457 1351 476 1370 «
493 1329 644 1392 Neque
666 1328 848 1375 volentis
863 1367 874 1386 ‚
897 1347 1036 1393 neque
1055 1332 1284 1387 currentis,
1317 1334 1390 1380 sed
1414 1335 1493 1380 mi-

113 1424 134 1444 »
161 1400 334 1446 serentis
365 1410 427 1445 est
456 1400 537 1446 Dei
549 1399 582 1446 4.
607 1421 628 1441 »
664 1400 811 1446 Fidem
845 1402 1037 1458 servasti,
1057 1419 1207 1448 verum
1232 1415 1307 1450 est.
1344 1405 1491 1451 Primo

114 1487 245 1538 quam
266 1469 428 1516 fidem?
459 1486 590 1533 quam
614 1470 695 1515 tibi
719 1470 810 1534 ipse
830 1470 1045 1518 dedisti59
1073 1474 1244 1521 Falsum
1278 1488 1339 1522 est
1371 1479 1491 1541 quod

113 1539 255 1588 dixisti
279 1558 290 1585 z
317 1562 337 1582 α
364 1539 487 1586 Sicut
516 1540 750 1603 unicuique
782 1541 898 1587 Deus
928 1543 1116 1604 partitus
1146 1556 1209 1590 est
1244 1563 1489 1594 mensuram

116 1636 135 1656 »
163 1613 323 1660 fideissP
343 1634 364 1655 ›>
396 1613 549 1658 Nonne
580 1624 628 1659 tu
662 1613 891 1676 alloqueris
925 1614 1135 1675 quosdam
1173 1629 1490 1664 concertatores

116 1696 226 1740 tuos,
243 1684 338 1729 etin
350 1683 484 1743 hujus
495 1683 594 1728 vitae
607 1682 745 1728 stadio
761 1694 902 1728 tecum
916 1683 1160 1730 laborantes
1175 1696 1302 1750 atque
1314 1705 1489 1734 curren-

117 1767 192 1810 tes,
215 1754 376 1818 quibus
388 1753 509 1800 dicis.
532 1774 552 1795 υ
567 1753 701 1799 Vobis
724 1754 836 1799 enim
851 1754 1060 1801 donatum
1079 1767 1232 1820 estpro
1250 1758 1425 1804 Christo
1435 1764 1453 1805 ζ)
1471 1783 1492 1801 »

115 1824 235 1883 Quid
260 1824 471 1870 donatum
496 1826 590 1869 est?
617 1845 636 1864 «
660 1824 756 1869 Non
781 1823 917 1869 solum
942 1835 989 1871 ut
1007 1825 1191 1872 credatis
1208 1827 1252 1872 in
1277 1845 1394 1885 eum,
1419 1830 1492 1876 sed

114 1919 135 1938 »
159 1896 288 1942 etiam
313 1906 361 1941 ut
378 1895 604 1958 patiamini
624 1912 705 1958 pro
727 1912 776 1940 co
788 1895 821 1942 7.
855 1917 873 1935 υ
898 1896 1008 1942 Ecce
1029 1907 1264 1961 utrumque
1281 1899 1490 1946 donatum

115 1977 193 2022 est,
223 1976 265 2010 et
289 1965 477 2016 credere„
507 1965 646 2028 etpati
672 1982 750 2027 pro
773 1965 962 2012 (Ilii-isto.

180 2036 279 2082 Vll.
323 2034 407 2080 Sed
427 2036 486 2079 ait
511 2034 619 2079 sorte
642 2034 797 2097 aliquis
819 2053 828 2079 ε
859 2036 1020 2099 Accepi
1041 2037 1216 2099 quidem
1240 2038 1390 2093 fidem,
1417 2041 1489 2086 sed

114 2124 190 2168 ego
210 2105 438 2152 custodivi.
465 2106 532 2149 'l'u
552 2104 660 2149 sorte
682 2104 766 2150 hoc.
787 2104 913 2161 dicis,
941 2106 1137 2168 quisquis
1153 2106 1251 2153 haec
1274 2109 1396 2154 audis
1416 2111 1490 2154 in-

114 2178 273 2241 sipiens
294 2195 305 2221 t
335 2176 495 2238 Accepi
520 2175 667 2228 sidem,
689 2174 761 2220 scd
786 2192 863 2234 ego
883 2176 1099 2221 custodivi
1122 2194 1131 2220 z
1165 2177 1327 2223 Paulus
1347 2191 1490 2226 noster

115 2264 201 2294 non
217 2247 303 2293 hoc
321 2246 431 2291 dicit
453 2263 463 2290 z
487 2246 576 2304 Ego
597 2244 825 2292 custodivi.
853 2246 1049 2309 Respicit
1069 2246 1184 2292 enim
1215 2267 1224 2292 :
1253 2270 1271 2288 «
1292 2250 1383 2295 Nisi
1405 2251 1489 2296 Do-

117 2341 136 2359 »
160 2317 300 2363 minus
315 2314 564 2360 custodierit
575 2315 813 2363 civitatem.
828 2315 871 2360 in
886 2332 1046 2362 vanum
1066 2315 1280 2362 laboravit
1297 2319 1372 2381 qui
1385 2337 1487 2364 cns-

165 2457 284 2486 ΙΙὶυῐιι.
305 2465 361 2492 vu,
384 2460 437 2489 αἱ,
460 2454 514 2484 25.
537 2471 577 2475 -—-
609 2451 624 2473 ‘⁴’
661 2456 749 2483 Rom.
776 2464 848 2486 rm,
880 2454 998 2491 313-‘37.
1027 2470 1070 2476 -—
1103 2449 1116 2473 3
1143 2453 1221 2485 psal.
1252 2464 1347 2492 κωιι,
1365 2465 1422 2486 ¹22.
1443 2470 1488 2476 -

115 2505 129 2530 ⁴
144 2508 236 2539 Rom.
259 2516 305 2547 ix,
329 2507 378 2537 16.
396 2523 439 2527 ν-
463 2503 476 2525 5
499 2505 576 2535 cod.
596 2507 683 2538 Cass,
702 2517 757 2541 vu,
775 2504 828 2535 fol.
851 2507 926 2535 3113.
953 2505 1013 2546 ipat
1041 2503 1153 2535 dedisti
1168 2508 1181 2535 ζ)
1213 2503 1242 2534 Si
1262 2504 1280 2534 fl
1295 2505 1355 2534 lem
1372 2511 1404 2535 tu
1422 2505 1480 2535 nbi

114 2560 240 2599 dedisti,
260 2569 382 2603 pannum
397 2565 453 2596 est,
474 2565 532 2591 etc.
550 2575 595 2582 -—
615 2556 629 2580 ὅ
648 2561 739 2590 ttoni.
758 2570 813 2595 xii,
832 2562 860 2590 3.
879 2572 923 2582 -⁴
937 2557 949 2579 ⁷
973 2558 1087 2600 Philip.
1104 2569 1127 2599 ι,
1150 2568 1205 2599 ²9·

1318 2643 1360 2674 2.
