1894 3236
200 354 342 385 SERMO
380 352 544 394 CCCXU,
583 353 629 384 IN
667 351 827 384 NATALI
863 352 1074 385 CYPRIANI
1111 356 1304 388 MAnTi‘r..
1386 359 1470 409 117

103 420 222 486 quod
245 421 367 475 feeit;
387 431 428 466 et
456 420 541 466 hoc
556 419 658 465 fecit
677 420 723 465 in
742 432 876 467 morte
894 459 904 478 ,
944 421 1063 485 quod
1081 421 1243 469 docuit.
1271 424 1338 470 Illi
1354 424 1468 483 laus,

103 491 164 538 ini
186 490 337 552 gloria,
368 491 554 536 Domino
580 490 669 535 Deo
689 502 852 548 nostro,
879 493 967 552 regi
984 492 1261 550 saeculorum,
1289 497 1472 544 creatori

102 572 144 607 ct
166 561 392 607 recreatori
409 560 655 616 hominum,
678 561 750 624 qui
771 579 848 607 suo
867 561 941 607 tali
959 562 1148 608 antistite
1172 564 1305 624 hujus
1323 566 1473 612 civita-

102 634 154 680 tis
178 633 411 679 Ecclesiam
443 632 626 688 ditavit,
657 643 699 677 et
729 643 815 679 tam
848 644 997 679 sancto
1024 651 1203 697 corpore
1234 635 1365 696 huJ‘us
1387 636 1473 684 loci

103 703 432 767 amplitudinem
457 703 735 750 consecravit.
768 703 835 748 Illi
855 702 966 761 laus,
983 703 1045 748 illi
1065 703 1216 764 gloria,
1232 706 1308 769 qui
1323 706 1473 767 digna·

103 786 171 820 tus
195 785 257 819 est
278 774 402 819 illum
425 773 569 820 virum
592 773 899 837 praedestinare
922 775 1034 820 inter
1059 787 1226 822 sanctos
1250 794 1345 823 suos
1376 789 1473 824 ante

102 857 322 909 tempora,
346 861 489 891 creare
515 845 626 890 inter
649 844 845 891 homines
872 849 1121 910 opportuno
1149 856 1360 911 tempore,
1390 866 1473 895 vo-

103 934 199 963 care
223 926 454 971 errantem,
484 915 694 961 mundare
721 915 981 973 sordentem,
1005 916 1188 963 formare
1209 917 1471 976 credentem,

102 986 255 1033 docere
273 986 575 1042 obedientem,
603 1003 746 1046 regere
770 986 1014 1043 docentem,
1044 987 1249 1048 adjuvare
1269 1005 1474 1052 pugnan-

104 1068 190 1103 tem
209 1095 219 1114 ,
242 1074 447 1104 coronare
469 1058 729 1104 vincentem.
756 1056 823 1103 llli
845 1057 955 1111 laus,
985 1058 1047 1103 illi
1072 1058 1204 1118 gloria
1221 1096 1232 1115 ,
1254 1060 1330 1122 qui
1355 1059 1474 1106 hunc

102 1126 232 1173 talem
273 1127 397 1182 fecit,
438 1127 482 1171 in
519 1143 606 1189 quo
640 1127 820 1173 maxime
865 1128 1105 1173 ostenderet
1147 1128 1351 1175 Ecclesia:
1384 1146 1474 1175 suae

101 1198 275 1262 quantis
307 1196 429 1242 malis
453 1197 715 1260 opponenda
737 1208 779 1243 et
802 1199 975 1261 quantis
1005 1209 1111 1244 esset
1138 1199 1262 1244 honis
1286 1199 1474 1246 charitas

101 1267 429 1333 praeponenda,
455 1277 497 1313 et
519 1283 649 1330 quam
682 1267 802 1313 nulla
832 1279 938 1314 esset
953 1268 1142 1314 charitas
1163 1269 1419 1326 Christiani,
1451 1288 1476 1316 a

101 1356 188 1402 quo
220 1356 307 1384 non
335 1337 626 1385 custodiretur
651 1339 796 1384 unitas
827 1339 1006 1386 Christi.
1046 1342 1190 1395 Quam
1221 1340 1280 1385 sic
1308 1339 1378 1385 ille
1402 1340 1475 1386 di-

100 1408 226 1466 lexit,
262 1420 310 1454 ut
333 1419 374 1454 et
408 1407 529 1454 malis
554 1425 635 1472 pro
663 1408 873 1454 charitate
897 1426 984 1455 non
1016 1421 1238 1473 parceret,
1273 1420 1315 1454 et
1343 1410 1477 1456 malos

99 1496 181 1544 pro
205 1496 313 1544 pace
339 1478 566 1533 toleraret3
601 1489 644 1525 et
669 1478 781 1524 liber
805 1479 847 1524 in
872 1479 1059 1525 dicendo
1080 1479 1197 1543 quod
1224 1480 1312 1544 ipse
1339 1480 1474 1526 senti-

101 1560 180 1607 ret,
201 1560 243 1596 et
266 1550 476 1614 pacificus
495 1549 540 1595 in
560 1549 776 1595 audiendo
797 1550 915 1614 quod
932 1551 1084 1596 fratres
1109 1551 1265 1596 sentire
1289 1567 1473 1611 cognos-

100 1631 226 1667 ceret.
259 1620 414 1666 Merito
438 1620 482 1665 in
513 1619 702 1665 Ecclesia
731 1620 948 1666 catholica
976 1621 1084 1666 tanti
1104 1620 1280 1666 honoris
1303 1620 1473 1666 celsitu·

100 1690 245 1738 dinem
282 1692 466 1747 meruit,
509 1693 633 1750 cujus
670 1691 1055 1737 concordissimum
1094 1691 1318 1736 vinculum
1355 1701 1472 1737 tanta

100 1760 347 1808 humilitate
370 1762 567 1808 servavit.
601 1763 898 1826 Quapropter,
932 1762 1191 1817 charissimi,
1227 1772 1311 1807 tam
1341 1772 1472 1821 gratae

100 1831 323 1879 festivitati
351 1831 500 1878 debito
527 1832 730 1878 Sermone
756 1850 835 1896 pro
862 1832 1027 1878 viribus
1047 1831 1263 1896 persoluto
1284 1868 1293 1887 ‚
1315 1832 1473 1877 oxhor-

104 1913 169 1949 tor
179 1902 454 1950 dilectionem
471 1903 829 1967 devotionemque
845 1915 1045 1960 vestram,
1070 1904 1256 1949 utistum
1270 1902 1382 1947 diem
1402 1902 1477 1946 lio-

102 1985 217 2020 neste
240 1991 289 2020 ac
309 1974 450 2020 sobrie
475 1991 752 2037 peragamus,
779 1985 821 2019 et
840 1975 923 2019 hoe
951 1974 1230 2019 exhibeamus
1251 1972 1334 2017 diei
1356 2010 1366 2024 ‚
1385 1988 1472 2035 quo

102 2044 349 2107 Cyprianus
375 2044 642 2090 beatissimus
665 2062 814 2109 passus
832 2055 917 2101 est,
945 2044 1062 2108 quod
1092 2043 1250 2090 amavit
1278 2053 1326 2088 ut
1347 2053 1472 2106 pate—-

103 2125 234 2162 retur.
