1863 3246
305 374 448 407 sunno
483 374 673 416 centvm,
713 377 768 408 m:
805 376 948 408 muniz
985 377 1125 410 mem.
1327 363 1419 428 369

44 440 214 488 habet?j
239 441 386 487 Potest
411 441 500 486 fieri
526 453 573 487 ut
599 441 760 487 horum
785 444 978 489 omnium
1003 454 1168 489 amator
1188 444 1326 490 inanis
1350 446 1419 492 sit.

48 511 235 567 Quando
266 530 353 557 non
392 512 527 556 habet
567 523 708 567 amat,
741 513 980 576 cupiditate
1005 513 1125 559 ardet
1149 525 1196 559 ut
1228 514 1422 560 habeat:

48 599 148 627 cum
175 593 317 628 autem
335 582 497 627 habere
515 583 718 646 coeperit,
748 584 902 629 timore
933 584 1153 629 cruciatur
1174 602 1225 629 ne
1250 585 1419 648 perdat.

51 654 178 698 Amat
210 652 444 707 honorem‚
477 662 592 697 amat
626 662 903 715 potestatem.
935 653 1098 709 Quanti
1124 654 1322 700 homines
1340 672 1426 718 po-

49 723 275 768 testatibus
306 721 568 785 accipiendis
603 722 767 785 privati
802 722 1057 785 suspirant)
1101 733 1142 768 et
1175 723 1431 788 plerumque

53 803 150 839 ante
173 792 268 839 illos
296 803 486 856 occupat
513 792 693 838 ultimus
729 793 835 849 dies,
867 809 1006 855 quam
1034 795 1288 856 perveniant
1313 795 1363 841 ad
1391 795 1435 843 id

0 887 2 922 ι
53 861 171 925 quod
192 872 350 908 amant.
382 861 548 918 Quanti
571 878 669 921 ergo
693 872 886 916 constat,
914 861 1034 925 quod
1058 879 1159 908 cum
1194 866 1403 910 amaveris
1419 903 1430 922 ,

0 927 2 964 i
54 933 268 979 habebis?
294 934 390 978 Non
405 932 546 996 pretio
570 933 729 995 quaeris
748 932 867 995 quod
892 950 1032 986 amas;
1059 951 1146 979 non
1168 935 1365 981 ambulas
1385 936 1439 981 ad

55 1013 308 1067 patronum,
334 1020 412 1066 per
436 1019 566 1066 quem
589 1002 826 1065 pervenias.
868 1003 981 1048 Ecce
1005 1002 1082 1048 ubi
1108 1013 1209 1060 stas,
1238 1022 1333 1050 ama
1356 1023 1441 1068 pa-

59 1089 169 1129 cem,
198 1083 239 1117 et
278 1083 421 1118 tecum
451 1083 513 1118 est
544 1071 662 1135 quod
692 1089 821 1118 amas.
852 1072 937 1117 Res
966 1073 1044 1118 ista
1069 1073 1211 1118 cordis
1241 1085 1334 1120 est:
1364 1092 1443 1122 nec

60 1144 120 1190 sic
159 1159 260 1188 cum
297 1143 444 1188 amicis
469 1142 766 1188 communicas
802 1159 982 1206 pacem,
1018 1143 1239 1206 quomodo
1262 1163 1436 1208 panem.

61 1214 225 1258 Panem
249 1212 413 1275 quippe
436 1212 469 1257 si
493 1212 816 1257 communicare
847 1211 968 1267 velis,
998 1223 1162 1274 quanto
1181 1213 1327 1276 plures
1346 1226 1444 1262 sunt

63 1284 224 1347 quibus
244 1282 474 1342 frangitur,
502 1293 618 1327 tanto
641 1282 783 1327 minus
805 1283 854 1327 fit
878 1282 993 1328 unde
1017 1282 1159 1329 datur.
1186 1284 1274 1329 Pax
1301 1296 1445 1332 autem

64 1353 127 1399 illi
147 1352 251 1417 pani
266 1352 415 1398 similis
440 1362 518 1407 est,
545 1353 620 1415 qui
638 1352 683 1397 in
699 1352 899 1398 manibus
923 1352 1251 1416 Discipulorum
1272 1356 1448 1402 Domini

66 1423 302 1483 frangendo
326 1434 368 1469 et
386 1423 532 1469 dando
558 1423 793 1470 crescebat.

134 1494 217 1541 ΠΙ.
259 1493 429 1539 Habete
448 1494 580 1553 igitur
610 1511 787 1556 pacem,
822 1493 986 1540 fratres.
1028 1494 1074 1540 Si
1105 1495 1233 1541 vultis
1257 1497 1310 1542 ad
1332 1498 1450 1544 illam

71 1564 240 1610 trahere
257 1574 452 1620 caeteros,
484 1564 613 1627 primi
636 1564 754 1609 illam
777 1564 961 1617 habet03
988 1565 1120 1627 primi
1146 1565 1265 1612 illam
1295 1578 1444 1618 tenete.

72 1637 125 1681 ln
150 1636 274 1682 vobis
307 1635 468 1681 ferveat
501 1634 620 1699 quod
646 1634 816 1680 habetis
835 1673 845 1690 ‚
875 1646 921 1680 ut
955 1635 1058 1680 alios
1082 1637 1304 1685 accendat.
1345 1641 1452 1689 Odit

73 1722 224 1769 pacem
251 1705 498 1761 haereticus,
527 1715 568 1749 et
594 1704 734 1750 lucem
761 1704 922 1767 lippus.
956 1705 1183 1768 Numquid
1217 1707 1313 1753 ideo
1339 1711 1451 1757 mala

74 1775 163 1831 lux,
186 1775 286 1838 quia
306 1774 453 1838 lippus
473 1792 559 1820 non
579 1784 720 1838 potest
743 1791 836 1819 cam
859 1774 1061 1820 tolerare23
1083 1776 1191 1821 Odit
1210 1777 1347 1824 lucem
1372 1780 1454 1844 lip-

77 1862 160 1909 pus
187 1863 197 1890 :
222 1845 295 1905 sed
315 1855 459 1891 tamen
482 1855 662 1908 propter
684 1845 825 1890 lucem
846 1855 1015 1890 creatus
1036 1856 1097 1890 est
1121 1847 1284 1894 oculus.
1317 1851 1456 1897 Datur

79 1916 224 1978 itaque
243 1931 374 1978 opera
397 1915 454 1960 ab
473 1916 530 1960 eis
546 1952 556 1971 ‚
581 1914 657 1978 qui
686 1925 832 1959 amant
867 1932 1036 1977 pacem,
1066 1925 1108 1961 et
1133 1917 1285 1963 volunt
1308 1937 1453 1968 secum

0 2015 4 2023 ·
67 1984 277 2048 possideri
299 1984 417 2047 quod
444 1995 618 2039 amant,
646 1994 694 2030 ut
724 2001 960 2047 possessore
985 1984 1134 2030 addito
1160 2000 1320 2033 crosent
1347 2008 1451 2052 pos-

2 2067 8 2093 1
69 2055 209 2100 sessio.
235 2055 350 2099 Dent
373 2071 472 2115 crgo
494 2072 669 2118 operam
695 2055 837 2100 curari
865 2054 1012 2100 oculos
1039 2054 1284 2118 lipporum,
1306 2062 1452 2121 quali-

0 2137 10 2164 ιι
69 2124 145 2170 bet
168 2140 249 2187 ope
264 2161 274 2179 ‚
295 2124 493 2187 quolibet
513 2135 686 2171 conatu.
724 2124 880 2169 Nolens
907 2135 1103 2179 curatur,
1125 2144 1209 2172 uon
1234 2128 1327 2173 vult
1345 2130 1450 2178 ‹lum

4 2227 9 2236 .
71 2204 279 2239 curatur:
305 2193 377 2240 scd
397 2194 502 2240 dum
528 2195 666 2240 lucem
685 2194 858 2252 viderit,
883 2194 1184 2243 delectabitur.
1216 2197 1326 2244 Puta
1348 2203 1451 2263 quia

0 2271 13 2306 it
73 2273 318 2316 succenset;
338 2264 424 2308 noli
439 2265 637 2312 instando
655 2265 892 2325 defiuigari.
907 2267 1082 2311 Amator
1099 2268 1234 2329 pacis,
1257 2273 1446 2329 attende,

0 2333 16 2376 lc
73 2344 116 2379 et
133 2333 345 2379 delectare
370 2344 415 2379 tu
443 2335 561 2398 prior
587 2336 918 2398 pulchritudine
947 2336 1119 2382 dilecta·
1144 2348 1247 2391 tuae,
1268 2351 1308 2385 et
1329 2342 1449 2389 inar-

75 2403 198 2449 desce
230 2403 283 2448 ad
316 2403 580 2449 trahendum
612 2404 808 2450 alterum.
846 2405 998 2450 Videat
1024 2407 1141 2468 quod
1169 2409 1302 2462 vidos,
1338 2426 1450 2459 :unet

2 2489 20 2518 ιιι
76 2473 194 2536 quod
218 2490 360 2528 amas,
389 2483 529 2520 teneat
549 2474 666 2537 quod
697 2485 824 2521 tenes.
853 2475 1099 2539 Alloquitur
1123 2488 1162 2520 te
1180 2477 1334 2526 dilecta
1360 2493 1449 2543 ίιιει,

6 2566 21 2578 ι·
78 2560 207 2606 quam
232 2543 375 2602 diligis
400 2561 410 2588 :
441 2544 635 2607 loquitur
660 2544 758 2598 tibi,
785 2547 889 2590 Ama
917 2563 999 2601 me,
1026 2557 1066 2590 et
1091 2548 1298 2594 continuo
1320 2552 1453 2601 habes

79 2700 169 2742 ero,
192 2684 415 2745 etintegra
440 2687 717 2751 permanebo,
749 2686 908 2738 Adhuc
929 2704 1037 2752 quos
1056 2699 1192 2751 pom,
1213 2690 1450 2749 inueniant,

210 2771 399 2805 cxxviii.
1271 2767 1327 2822 9'1
